2317 3534
143 117 216 148 Nro.
234 121 390 149 275—276.

856 116 1024 155 §suntab
1049 127 1125 151 nun
1154 119 1344 161 (humina.

739 259 853 305 275.
892 256 969 304 De
1007 257 1243 306 omnibus
1281 258 1479 308 sanetis.

342 347 435 410 AVe
458 374 574 410 trinus
596 375 630 410 in
652 374 825 422 personis,

343 442 435 466 unus
457 431 492 466 in
513 431 672 471 essentia,

341 487 512 523 Indivisus
535 492 573 522 tu
594 488 628 523 in
651 487 755 523 donis

341 549 469 580 cuncta
487 555 612 580 creans
634 545 740 584 entia,

340 600 409 635 lam
431 600 602 636 virtutum
625 601 718 637 diter
739 601 844 637 bonis

338 667 381 692 ex
402 662 462 692 tua
483 657 684 705 praesentia.

289 739 309 770 (ὗ

341 732 413 774 Ave
434 736 590 776 Christe,
613 743 803 785 reparator

335 792 551 841 protoplasti
572 795 726 841 generis,

337 850 412 886 Iesu
426 878 434 890 ‚
456 850 513 886 dei
535 851 711 886 mediator

337 912 374 942 et
394 907 539 943 humani
561 907 718 947 hederis,

336 962 481 1007 Quaeso,
504 963 591 1000 mihi
612 964 657 999 sis
678 964 832 1001 salvator

336 1025 377 1055 ut
397 1019 520 1056 electis
542 1021 685 1057 ceteris.

281 1100 301 1134 3
334 1095 406 1138 Ave
426 1099 527 1147 virgo
550 1100 753 1147 singularis,

334 1156 419 1192 felix
441 1162 479 1192 tu
500 1168 689 1205 puerpera.

333 1212 510 1249 Universis
531 1213 736 1254 dominaris,

335 1281 355 1305 o
378 1271 520 1317 regina,
544 1271 691 1318 impera,

332 1325 382 1362 Ne
403 1338 459 1362 me
480 1327 656 1363 morsibus
678 1329 806 1364 amaris

331 1381 454 1430 Stygis
474 1383 582 1419 laedat
602 1387 732 1432 vipera.

277 1464 299 1495 4
330 1457 442 1500 Avete
463 1463 564 1499 chori
587 1464 810 1511 angelorum,

330 1518 474 1555 deitatis
497 1520 587 1556 sacie

330 1575 520 1616 Illustrati,
542 1576 740 1613 electorum

331 1632 489 1668 omnium
510 1633 546 1668 in
569 1634 654 1675 acie,

329 1689 431 1730 Mihi,
453 1701 604 1738 precor,
625 1691 868 1739 supernorum

327 1734 419 1782 fe‘rte
440 1745 560 1783 lumen
581 1750 719 1796 gratiae.

269 1827 295 1859 5
326 1821 398 1865 Ave
421 1831 477 1867 tu,
499 1826 654 1875 baptista
677 1826 817 1867 Christi,
852 1823 861 1832 ¹

326 1882 440 1918 maior
459 1884 554 1920 natis
575 1883 772 1926 hominum,

325 1934 432 1975 verbi
453 1940 510 1976 dei
530 1952 597 1977 vox
617 1942 763 1988 praeisti,

324 1996 491 2033 nuntiare
511 1997 707 2038 dominum,

323 2052 409 2093 Fac,
432 2065 476 2089 ne
498 2053 656 2090 claudam
678 2066 764 2091 nece
787 2056 878 2091 tristi

324 2109 431 2146 huius
453 2110 534 2147 vitae
556 2111 760 2148 terminum.

262 2190 283 2223 6
315 2184 388 2227 Ave
409 2189 495 2226 felix
517 2191 681 2227 duodena

321 2245 448 2293 clanga
469 2247 676 2295 apostolica.

322 2302 483 2347 Quorum
505 2305 575 2339 vita
597 2316 668 2341 non
691 2310 846 2344 terrena,

323 2370 386 2396 nec
407 2359 522 2407 pietas
543 2361 694 2401 modica,

319 2415 387 2451 Per
409 2428 471 2452 vos
491 2417 577 2453 mihi
599 2417 694 2454 salus
715 2418 831 2467 plena,

319 2472 427 2509 detur
446 2473 560 2510 virtus
581 2474 710 2512 caelica.

266 2554 284 2586 7
319 2548 390 2591 Ave
411 2553 544 2589 cohors
566 2555 838 2602 prophetarum,

319 2608 430 2656 signis
451 2611 550 2646 miris
571 2610 706 2650 inclita,

1321 377 1415 412 sacra
1436 377 1546 424 stirpe
1568 377 1731 424 praedita,

1321 433 1416 468 Dona
1440 434 1530 469 serto
1552 436 1749 479 gratiarum

1323 490 1433 525 hostis
1456 490 1579 525 fraude
1601 491 1746 526 chinum.

1267 570 1288 600 8
1321 564 1391 606 Ave
1413 575 1528 604 ccii-tus
1551 581 1650 605 novae
1674 568 1763 616 legis

1321 625 1478 660 scribens
1500 626 1692 672 evangelia,

1322 682 1370 716 Ac
1390 681 1644 729 discipulorum
1668 684 1763 729 rugis

1321 748 1409 772 nova
1431 738 1517 773 dans
1540 740 1728 786 praeconia,

1319 794 1370 829 Ad
1393 794 1536 842 superui
1558 807 1622 842 per
1642 807 1704 831 vos
1727 797 1849 843 gregis

1321 852 1517 887 transferar
1538 852 1655 887 ovilia.

1265 931 1285 964 9
1318 926 1389 968 Ave
1410 930 1562 978 phalanx
1584 937 1781 978 purpurata

1319 988 1353 1022 in
1376 988 1517 1023 cruoris
1540 988 1696 1028 flumine,

1316 1043 1529 1080 Innocenter
1547 1045 1732 1080 candidata

1317 1100 1419 1135 turha
1442 1101 1574 1137 rubens
1598 1102 1779 1148 sanguine.

1316 1156 1394 1192 Vita
1415 1158 1530 1194 sinuat
1552 1170 1606 1193 ine
1628 1158 1730 1193 licata

1316 1214 1431 1250 vestro
1453 1215 1715 1263 deprecamiue.

1263 1295 1304 1327 10
1317 1289 1388 1332 Ave
1410 1294 1507 1330 sacer
1528 1306 1615 1342 grex
1636 1295 1838 1336 doctorum,

1314 1351 1474 1387 veritatis
1496 1351 1689 1399 speculum,

1316 1408 1446 1444 Rector
1468 1420 1613 1455 quoque
1636 1409 1864 1456 populorum,

1313 1464 1397 1500 felix
1418 1466 1550 1501 chorus
1572 1465 1774 1512 praesulum,

1311 1521 1379 1557 Per
1400 1534 1461 1563 vos,
1482 1522 1641 1558 Christus
1662 1534 1723 1558 rex
1745 1523 1913 1559 caelorum

1311 1578 1419 1614 salvet
1439 1590 1494 1615 nie
1515 1579 1550 1614 iu
1574 1579 1754 1615 saeculuui.

1262 1660 1297 1692 11
1313 1654 1384 1697 Ave
1407 1670 1534 1706 agmen
1556 1660 1810 1700 consessorum.

1311 1714 1370 1750 lux
1392 1714 1507 1751 fidelis
1528 1715 1666 1764 populi,

1311 1771 1337 1807 Ο
1358 1777 1499 1808 caterva
1520 1774 1791 1813 monachorum.

1309 1834 1435 1865 cuneta
1456 1829 1627 1878 spernens
1650 1829 1781 1870 saeculi,

1308 1885 1428 1922 Vestra
1450 1898 1557 1934 prece
1579 1892 1809 1934 peccatorum

1306 1953 1419 1978 nexus
1439 1949 1547 1979 ruant
1566 1943 1709 1991 singuli.

1256 2023 1296 2055 12
1311 2018 1382 2060 Ave
1407 2029 1522 2059 turma
1543 2022 1739 2070 virginalis,

1307 2079 1389 2126 agni
1415 2085 1507 2116 tecta
1528 2079 1673 2120 vellere,

1305 2136 1558 2172 Continentuiu
1581 2136 1782 2184 coniugalis

1302 2192 1400 2229 claro
1422 2194 1514 2230 casta
1538 2194 1682 2233 findere,

1302 2249 1370 2285 Per
1391 2261 1453 2285 vos
1477 2250 1582 2285 vestis
1604 2250 1776 2298 nuptialis

1304 2307 1388 2342 mihi
1409 2307 1515 2343 detur
1536 2319 1695 2343 inuuere.

1252 2387 1292 2420 13
1306 2382 1378 2424 Ave
1400 2387 1558 2422 omnium
1580 2388 1781 2423 sanctorum

1304 2443 1454 2479 iocunda
1477 2444 1638 2482 societas,

1302 2500 1353 2535 Ad
1376 2501 1527 2548 superna
1550 2512 1604 2536 me
1626 2500 1794 2548 polorum

1299 2557 1413 2593 vestra
1434 2558 1540 2593 ducat
1561 2557 1687 2604 pietas,

1266 2642 1270 2650 ,
1300 2612 1343 2649 Ut
1365 2615 1562 2649 vestroruin
1585 2625 1639 2648 ine
1662 2613 1837 2648 honorum

320 2664 452 2702 Concio
473 2667 768 2714 patriarcharum,
1078 2689 1081 2710 ι
1300 2670 1438 2718 repleat
1460 2671 1614 2706 satietas,
1656 2671 1780 2706 Amen.

121 2761 145 2794 M
164 2763 216 2797 ΙΙΙ.
236 2769 284 2802 18,
310 2767 386 2805 ιΕῐίιι
405 2768 648 2807 aussgegeidynettfi
667 2770 726 2800 <siet
743 2772 825 2808 hurd)
843 2770 917 2806 scine
935 2771 1066 2809 vinage,
1087 2769 1318 2807 &cbiinfenii‘iltc
1338 2779 1393 2802 uno
1410 2768 1572 2809 »battunqs

644 2949 758 2996 276.
795 2948 873 2997 De
908 2950 1272 2999 resurrectione
1309 2950 1516 2998 domini.

319 3033 498 3098 SUrrexit
516 3062 678 3099 Christus
700 3064 816 3104 hodie.
1076 3042 1078 3118 l

321 3119 381 3166 qui
403 3124 508 3155 natus
530 3120 582 3156 est
601 3120 645 3156 de
667 3120 816 3169 virgine.
1075 3139 1077 3173 Ι

1245 3072 1264 3102 2
1294 3064 1357 3114 Qui
1381 3069 1500 3116 passus
1522 3075 1599 3106 erat
1620 3070 1736 3118 pridie

1298 3126 1452 3161 humano
1474 3138 1540 3173 pro
1562 3127 1744 3163 solamine.
