2317 3534
127 118 199 149 Nro.
223 121 380 147 300—302.

788 113 1056 154 Uichehutes
1084 113 1380 154 &tibrhunbcrn

637 245 748 291 300.
796 242 959 306 Super
999 242 1195 289 cantico
1234 243 1540 306 Magnificat.

328 322 555 395 MAgnifieat
579 355 631 389 te,
654 348 772 387 Maria,

330 405 502 440 trinitatis
524 405 743 443 monarchia,

328 460 471 509 Triplex
493 461 570 497 eaeli
593 461 805 499 hierarchia,

327 518 448 553 nostra
470 516 619 565 supplex
640 516 805 556 melodia,

393 578 507 609 mater
527 574 583 609 dei
605 573 731 609 Maria!

275 655 295 685 10

326 648 427 690 Nunc
448 652 587 691 exulta,
610 664 630 688 o
654 653 790 699 regina,

326 707 393 743 ssos
415 708 575 745 rosarum
596 709 669 744 sine
692 708 802 755 spina,

296 758 301 763 ’
327 763 481 810 Fulgens
502 765 602 800 stella
625 765 809 802 matutina,

326 831 393 855 nos
415 822 582 857 conserva
605 833 623 857 a
645 820 758 859 ruina,

393 883 508 913 mater
528 877 583 913 dei
605 877 732 913 Maria!

274 957 295 989 3
328 952 357 994 0
380 967 486 1003 quam
508 961 605 991 recte
626 955 819 1003 respexisti,

327 1023 433 1060 quem
455 1011 578 1049 locasti
600 1017 645 1047 et-
657 1012 792 1059 pavisti,

327 1068 488 1105 Gloriosa
509 1073 624 1104 mater
644 1067 784 1106 Christi,

326 1126 537 1173 incorrupta
559 1125 742 1172 peperisti,

392 1187 507 1218 mater
527 1181 582 1217 dei
603 1181 724 1217 Maria.

273 1262 295 1293 4
326 1256 457 1308 Magna
484 1261 567 1301 tihi,
591 1259 669 1296 eaeli
692 1260 782 1299 rosa,

328 1317 412 1353 fecit
433 1317 522 1353 deus
543 1316 791 1355 consormosa;

326 1373 363 1408 In
386 1373 452 1409 hac
472 1373 561 1410 valle
584 1372 782 1409 zerumnosa

325 1440 392 1465 nos
414 1430 614 1469 substenta,
637 1429 793 1476 gratiosa

392 1491 506 1522 mater
527 1486 581 1521 dei
604 1485 722 1521 Maria.

274 1567 294 1599 5
327 1561 500 1604 Miserere
521 1565 653 1604 nostri,
675 1563 794 1610 digna,

326 1627 388 1658 tuo
410 1626 494 1658 nato
517 1632 584 1657 nos
605 1620 788 1667 consigna,

324 1677 476 1725 Lignum
497 1679 579 1713 vitae
601 1687 638 1712 es
659 1676 814 1723 benigna

324 1734 477 1783 paradisi
499 1733 592 1769 inter
612 1733 721 1780 ligna,

391 1786 506 1827 mater
525 1790 581 1826 dei
603 1789 722 1825 Maria.

271 1870 292 1903 6
324 1866 460 1909 Potens
481 1870 601 1917 virgo,
624 1867 702 1904 caeli
724 1872 841 1915 porta,

324 1928 360 1962 iu
382 1927 447 1963 hae
468 1927 521 1962 via
543 1937 610 1961 nos
631 1925 811 1962 conforta.

323 1982 373 2019 Ex
393 1982 505 2030 regali
528 1982 638 2029 stirpe
659 1986 751 2021 orta,

325 2039 366 2075 ad
389 2044 524 2075 aeterna
546 2049 613 2074 nos
634 2043 793 2085 reporta,

393 2100 506 2131 mater
526 2094 582 2130 dei
603 2093 723 2130 Maria.

124 2173 150 2204 M
170 2173 208 2205 11.
230 2177 294 2212 126,
314 2176 383 2213 aad)
402 2174 480 2204 einer
497 2172 680 2212 banbfcbtift
696 2176 744 2202 bea
765 2175 806 2202 15.
821 2171 1058 2210 gomanum-22³.

1260 351 1277 380 7
1313 345 1545 395 lleponentur
1566 359 1630 394 per
1653 352 1706 385 te.
1729 352 1842 393 grata,

1311 404 1400 439 mala
1423 406 1540 439 nostra
1564 409 1782 450 perpetrata,

1310 460 1541 495 Peccamruin
1565 466 1720 498 avocata,

1310 528 1375 562 pro
1399 516 1509 551 salute
1533 517 1652 551 inundi
1675 521 1768 554 nata,

1378 578 1490 607 mater
1512 573 1566 607 dci
1591 572 1715 607 Maria!

1258 652 1279 683 8
1312 647 1494 688 El'urimus
1516 651 1592 685 caeli
1616 650 1732 689 mella,

1310 707 1387 741 11100
1408 706 1580 753 propina,
1605 706 1658 742 dei
1681 706 1781 745 cella,

1310 762 1471 797 Gloriosa
1493 762 1601 797 maris
1623 762 1735 801 stella,

1310 824 1347 854 tu
1369 831 1435 866 pro
1458 819 1561 854 nohis
1584 817 1782 865 interpella,

1377 880 1491 910 mater
1512 875 1566 909 dei
1589 874 1715 909 Maria!

1256 955 1277 987 9
1311 949 1499 1001 Suscepisti
1524 955 1623 999 virgo
1647 953 1751 988 deum

1308 1015 1344 1045 et
1365 1009 1489 1045 locasti
1512 1015 1626 1044 mater
1646 1020 1738 1049 011111,

1308 1066 1493 1101 Nutrix-isti
1516 1065 1736 1104 Nazaraeom,

1309 1122 1517 1170 deplanxisti
1540 1121 1736 1160 Galilaemm

1373 1183 1486 1214 mater
1508 1178 1562 1213 dei
1585 1178 1703 1213 Maria.

1250 1259 1289 1292 10
1304 1252 1407 1295 Sicut
1429 1257 1511 1293 olim
1535 1257 1586 1292 est
1606 1255 1761 1295 locutus,

1308 1314 1356 1349 sie
1376 1324 1440 1361 per
1463 1319 1496 1349 te
1517 1314 1569 1349 est
1589 1313 1814 1360 prosecutus,

1308 1371 1430 1405 Czecus
1451 1369 1553 1409 vidit,
1577 1369 1673 1404 satur
1694 1375 1827 1407 mutus,

1308 1428 1497 1474 superatus
1520 1426 1571 1461 est
1591 1425 1762 1464 hirsutus,

1375 1488 1488 1518 mater
1509 1481 1565 1517 dei
1586 1481 1704 1516 Maria.

1250 1563 1287 1595 11
1305 1558 1426 1600 Gloria
1448 1561 1491 1595 sit
1512 1560 1617 1596 matri
1639 1560 1695 1595 dei

1308 1623 1342 1653 et
1364 1623 1537 1653 niatronae
1559 1617 1687 1652 sanctae
1709 1616 1794 1663 spei,

1308 1673 1536 1721 Suspiramus
1558 1673 1600 1708 ad
1623 1678 1657 1708 te
1679 1673 1742 1711 rei,

1307 1729 1427 1766 locum
1450 1729 1576 1765 confer
1597 1730 1746 1776 requiei,

1373 1791 1487 1821 mater
1508 1785 1561 1821 dei
1584 1785 1709 1820 Maria!

1247 1868 1288 1899 12
1304 1861 1404 1903 Sicut
1427 1876 1506 1900 eras
1528 1863 1753 1900 sublevamen

1308 1921 1405 1969 lapso
1428 1921 1580 1960 mundo,
1605 1921 1650 1956 sie
1673 1922 1833 1956 iuvamen

1309 1978 1360 2012 Ad
1381 1977 1582 2013 districtum
1604 1977 1649 2012 sis
1671 1988 1828 2015 examen,

1311 2035 1426 2069 omnis
1451 2034 1557 2068 homo
1580 2033 1673 2068 dieat
1697 2044 1832 2079 ς11111011,

1379 2096 1492 2125 mater
1513 2089 1567 2124 dei
1591 2090 1740 2124 Mai·ia!'

650 2283 761 2329 301.
800 2281 906 2328 Das
945 2279 1142 2343 Regina,
1179 2277 1289 2326 eaeli
1327 2277 1514 2325 laetare.

324 2361 485 2435 REgina
506 2386 601 2427 caeli,
624 2387 760 2425 laetare,

324 2443 484 2480 alleluia!

325 2499 413 2544 Quia
436 2511 541 2547 quein
564 2499 722 2535 meruisti
745 2504 905 2546 portare,

326 2555 488 2592 alleluia!

325 2612 531 2649 Resurrexit

1084 2437 1086 2473 1

1083 2478 1086 2566 1

1308 2385 1395 2419 sieut
1419 2383 1515 2421 dixit,

1307 2438 1466 2475 alleluia!

1307 2498 1374 2530 Ora
1397 2507 1462 2542 pro
1486 2493 1587 2530 nobis
1609 2493 1725 2531 deum.

1305 2550 1466 2586 alleluia!

1971 117 2048 156 193

125 2703 287 2743 (Eatiyoliid)
304 2703 455 2739 minuunt,
481 2703 598 2742 fflietyutgs
621 2706 696 2731 1605.
714 2705 758 2738 8.,
783 2701 821 2732 im
841 2702 975 2732 (Sanum
996 2700 1035 2731 Ξ.
1053 2703 1095 2729 ιιι),
1132 2700 1222 2731 liutet
1241 2698 1353 2730 Dioren.
1387 2697 1439 2731 :3111
1460 2698 1664 2733 ‘Euboi-botua
1685 2696 1873 2732 Qsseianqbudv
1893 2705 1948 2725 νοιι
1972 2700 2045 2723 luo-a.

126 2752 166 2780 12.
200 2749 286 2780 &cite
304 2752 362 2780 120.
395 2749 497 2787 ffietgs.
517 2747 595 2779 istro.
614 2751 678 2784 151,
698 2750 745 2776 5:37
766 2751 822 2777 unt>
841 2750 899 2777 53&

729 2880 840 2926 302.
876 2878 952 2925 De
985 2877 1219 2925 omnibus
1256 2875 1451 2922 sanetis.

313 2960 426 3033 'Ave
440 2986 572 3020 summa
595 2984 748 3023 trinitas,

329 3041 445 3076 omnis
467 3052 531 3087 per
554 3046 586 3075 te
608 3041 773 3076 sanctitas

327 3096 433 3132 11110111
455 3095 641 3144 largiatur.

195 3164 405 3198 wadernnget,
427 3163 613 3194 stirs-henneis.
633 3163 654 3188 1.

1086 2960 1089 2984 1

1085 2992 1089 3143 1

1256 2984 1276 3013 2
1310 2975 1380 3017 Are
1404 2979 1502 3023 xirgo
1525 2979 1713 3025 virginum,

1307 3049 1323 3071 a
1347 3047 1400 3069 me
1424 3046 1488 3082 per
1511 3040 1544 3069 te
1566 3035 1755 3070 criminum

1306 3091 1410 3138 culpa
1432 3090 1603 3126 deleatur.

1697 3152 1742 3189 '13
