2317 3534
95 129 168 162 Nm.
192 132 345 160 577—578.
816 122 1027 163 &curatus
1052 121 1283 162 &emistus
1927 125 2006 164 325

552 231 695 282 Aspice,
719 231 844 268 ludzeis
867 231 972 267 hodie
992 232 1194 279 comparuit
1215 234 1299 273 oris,
1693 251 1708 256 —

551 291 594 327 de
617 302 688 338 quo
712 290 861 326 testatus
884 287 1023 324 Gabriel
1046 294 1127 324 ante
1149 289 1226 324 snit.

550 367 624 409 Rex
645 371 726 417 pius
748 368 888 404 advenit
907 368 1000 404 casta
1024 367 1066 403 (le
1088 369 1226 414 virgine
1248 374 1365 408 natus,

550 438 623 463 non
645 426 696 462 est
718 426 785 461 hoc
809 430 885 460 toto
908 424 1094 472 pulchrior
1115 424 1202 459 orhe
1224 435 1325 472 puer.

92 516 202 557 Hymni
219 516 298 548 sacri
316 516 603 556 germanicolatini,
629 515 824 546 continentes
841 513 1024 553 Praecipuas
1048 517 1153 553 partes
1178 518 1268 553 atque
1293 514 1428 544 membra
1457 514 1607 546 doctrina:
1625 515 1808 546 Christiana*
1826 520 1902 549 etc..
1930 520 1956 544 et
1975 515 2003 545 in

92 562 202 603 primis
219 563 303 593 usum
322 561 506 593 Cliristianae
522 560 688 592 iuuentutis
706 560 815 590 Latino
833 559 972 590 carmine
989 558 1146 595 conuersi,
1166 558 1188 589 A
1203 559 1334 597 Georgio
1353 559 1500 599 Λ-Ειιη-Ιίο,
1522 561 1645 591 Lutheri
1665 561 1832 601 discipulo,
1851 558 1879 591 &c
1900 560 2005 591 Eccle-

93 608 143 639 t'ice
160 607 273 640 Christi
292 607 430 639 ministro
447 607 542 640 fideli.
574 606 701 638 Basiieae
719 610 795 637 1565.
811 609 836 637 8.
854 614 884 646 p.
902 610 944 637 53.

562 753 674 800 577.
711 751 773 799 In
809 749 1106 817 epiphanias
1143 748 1268 798 festo
1300 749 1536 816 hymnus.

666 830 760 871 was
782 830 935 887 fiittljstu
956 831 1068 885 fciunt
1088 829 1248 880 §trahes
1271 831 1363 883 sehr,
1385 843 1424 869 τε.

147 902 261 976 lMpie
282 937 362 967 rex,
384 927 574 975 propiique
595 925 754 963 Herodes
772 926 954 974 sanguinis
971 926 1033 962 ho-
1123 925 1239 972 Atque
1260 925 1308 961 ita
1328 929 1514 972 peccatum
1535 926 1596 973 qui
1617 936 1689 961 non
1710 926 1933 962 commiserat
1954 927 2006 963 ul-

755 983 830 1023 stis,
1722 982 1807 1022 lum,

146 1041 231 1089 quid
251 1041 378 1089 supera
398 1039 576 1076 Christum
596 1039 675 1075 sede
698 1041 816 1076 venire
839 1039 966 1076 times?
1106 1038 1294 1086 ‘sanguine
1316 1037 1447 1074 delevit
1469 1039 1615 1074 crimina
1637 1039 1757 1074 nostra
1778 1040 1850 1075 suo.

145 1097 221 1134 Non
243 1098 317 1138 hic,
340 1096 445 1134 crede
467 1096 571 1146 mihi,
594 1096 760 1133 mortalia
781 1107 890 1143 regna
914 1098 1032 1145 requi-

1067 1134 1087 1164 4
1121 1126 1267 1168 Insolito
1289 1129 1450 1177 pandunt
1471 1140 1558 1165 nova
1580 1131 1614 1164 se
1634 1130 1804 1166 miracula
1827 1130 1932 1171 sacto,

1124 1186 1248 1235 hydria
1269 1198 1348 1222 cuin
1368 1187 1494 1234 sponso
1516 1187 1597 1222 sena
1618 1186 1732 1223 locata
1755 1187 1833 1227 suit,

906 1285 918 1296 α
1124 1244 1201 1279 Mox
1230 1255 1320 1291 aqua
1348 1244 1507 1279 nativum
1537 1243 1736 1291 deperdidit
1764 1244 1887 1281 hausta
1909 1246 2008 1293 sapo-

89 1305 109 1336 2
142 1298 230 1342 Ecce
252 1301 376 1338 ducem
407 1301 544 1338 stellam
566 1301 727 1350 sequitur
756 1302 809 1337 via
832 1300 939 1349 longa
960 1312 1032 1337 ma-
1719 1311 1806 1341 rein,

104 1350 108 1356 ’
689 1369 829 1405 gorum,
1123 1357 1157 1393 in
1179 1356 1355 1405 liquidum
1376 1356 1503 1393 Christi
1526 1357 1671 1393 numine
1693 1359 1789 1394 versa
1811 1369 1958 1395 merum.

146 1416 364 1452 monstrator
386 1415 459 1451 veri
482 1415 627 1451 luminis
648 1413 709 1451 illa
730 1415 809 1450 suit.

146 1473 290 1508 Munere
312 1472 486 1508 testantur
505 1472 610 1520 pueri
634 1473 699 1508 tria
719 1472 861 1507 nomina
886 1476 999 1511 terno,

145 1530 239 1566 huuc
255 1529 446 1569 hominem,
460 1539 594 1577 regem,
613 1539 678 1565 nec
691 1529 809 1564 minus
826 1528 897 1564 esse
913 1528 1028 1564 deum.

771 1154 829 1193 rit,

148 1212 209 1259 qui
230 1211 346 1251 venit,
369 1215 409 1246 ut
430 1209 534 1246 nohis
556 1209 673 1246 caelica
696 1221 804 1258 regna
827 1210 928 1246 serat.

1047 1451 1085 1521 {5
1119 1443 1239 1487 Gloria
1260 1450 1303 1484 sit
1324 1447 1406 1487 tihi,
1429 1448 1581 1487 Christe,
1605 1454 1735 1496 potens
1751 1449 1904 1485 salvator
1921 1449 2006 1490 Iesu,

1125 1506 1185 1554 qui
1209 1510 1328 1540 tenera
1349 1504 1453 1541 nohis
1475 1506 1612 1552 virgine
1634 1509 1740 1541 natus
1762 1506 1862 1542 ades:

1125 1563 1173 1598 Te
1194 1573 1274 1598 cum
1303 1567 1405 1609 patre
1434 1562 1538 1598 deum
1567 1562 1736 1603 colimus,
1765 1562 1925 1611 flatuque
1953 1565 2007 1600 su·

89 1623 109 1656 3
143 1616 288 1668 lamque
309 1620 363 1656 dei
385 1620 485 1657 sacro
507 1619 717 1668 baptismate
741 1620 891 1667 tingitur
905 1630 1030 1667 agnus,
1692 1630 1804 1668 perno

145 1678 294 1714 crimina
314 1678 376 1726 qui
395 1677 518 1714 mundi
540 1676 667 1713 tollere
687 1676 812 1712 missus
834 1680 920 1712 erat.
1125 1675 1230 1711 duret
1252 1676 1286 1711 in
1309 1681 1465 1712 aeternos
1487 1675 1603 1724 gloria
1624 1677 1738 1713 vestra
1759 1677 1846 1713 dies.

90 1766 124 1798 L.
136 1776 163 1799 c.
181 1776 211 1808 p.
228 1770 270 1799 54.

629 1880 738 1925 578.
771 1877 832 1925 In
866 1879 1192 1943 pentecosten
1228 1876 1464 1944 hymnus.

862 1958 916 1997 De
939 1959 1072 2010 spiritu
1093 1962 1236 1997 sancto.

665 2026 776 2066 fiumb
804 2026 889 2060 (butt
914 2023 1056 2071 [inspirer
1080 2027 1223 2069 bentigrt
1250 2026 1365 2067 Εόεῃιὶ,
1392 2035 1430 2060 2c.

146 2070 316 2134 Spiritus
338 2096 446 2138 alme,
478 2098 572 2138 veni,
602 2107 723 2133 reruni
745 2097 912 2145 primaeve
934 2108 1030 2134 crea·
1122 2098 1196 2146 lpse
1216 2098 1329 2146 patris
1351 2097 1497 2133 verbum
1519 2102 1633 2133 terras
1650 2097 1792 2144 largiris
1815 2098 1849 2133 in
1871 2109 2005 2137 omnes,

761 2160 830 2194 tor,
1122 2166 1186 2203 per
1206 2156 1320 2191 varias
1343 2154 1484 2201 linguas
1507 2154 1647 2190 climata
1669 2160 1798 2190 cuneta
1820 2154 1962 2190 doeens.

146 2216 293 2259 pectora
314 2211 521 2248 credentum
543 2210 678 2246 lumine
699 2211 765 2247 vise
789 2217 871 2247 tuo:

122 2270 126 2275 '
146 2267 331 2316 Compleat
351 2273 392 2304 ut
412 2273 550 2304 mentes
571 2266 724 2304 caelestis
745 2269 878 2315 gratia,
901 2269 992 2304 nosti

90 2371 93 2375 Ι
146 2324 288 2361 condita
309 2325 452 2361 virtutis
474 2336 563 2373 quas
585 2336 695 2372 opera
716 2326 784 2360 esse
809 2330 889 2360 tuae.

1065 2248 1085 2280 ἶ)
1120 2243 1264 2284 Insidias
1287 2245 1426 2293 depelle
1449 2245 1594 2293 procul,
1617 2257 1706 2293 quas
1729 2245 1838 2281 hostis
1862 2246 2005 2292 iniquus

1122 2304 1252 2339 excitat
1274 2308 1309 2337 et
1330 2303 1426 2350 pacis
1449 2304 1564 2350 gratia
1588 2302 1729 2349 priestet
1751 2312 1866 2349 opem.

1122 2359 1165 2395 Ut
1186 2360 1344 2395 monitus
1365 2359 1583 2406 ductumque
1607 2365 1704 2394 tuum
1724 2369 1786 2406 per
1807 2364 1935 2394 cuncta
1957 2360 2007 2393 se-

91 2417 112 2448 2
143 2411 195 2454 'l'u
211 2414 420 2456 consolator
441 2415 530 2451 iusta
552 2416 689 2451 ratione
710 2416 861 2455 vocaris,
1642 2426 1806 2463 quamur,

147 2482 293 2508 munere
314 2472 468 2520 supremi
489 2472 555 2508 dos
576 2473 734 2520 preciosa
755 2472 820 2512 dei,
1047 2493 1051 2518 ι,
1121 2475 1347 2521 vitemusque
1369 2474 1494 2509 animae
1518 2484 1596 2520 quse
1620 2473 1776 2508 nocuisse
1799 2477 1942 2519 queant.

147 2527 338 2576 Spirituale
360 2530 427 2577 piis
448 2529 619 2566 collatum
640 2528 818 2564 mentibus
841 2540 995 2577 unguen,

148 2584 230 2621 sons
252 2586 352 2621 vivus
375 2587 472 2626 vitre,
495 2597 600 2622 verus
622 2590 658 2621 et
679 2586 774 2633 ignis
795 2597 907 2621 amor.
1065 2566 1086 2599 6
1119 2559 1333 2612 Supremum
1362 2565 1494 2599 novisse
1525 2569 1679 2610 patrem,
1720 2569 1915 2611 natumque
1945 2563 2006 2599 do-

1713 2625 1804 2659 ceto,

93 2676 113 2711 3
144 2671 329 2714 Mentibus
361 2677 395 2712 in
424 2677 556 2712 nostris
591 2675 708 2712 lumen
741 2676 918 2720 succende
939 2678 1031 2714 sere·
1124 2679 1184 2726 qui
1205 2677 1390 2714 salvatoris
1413 2687 1540 2712 nomeu
1564 2676 1656 2711 lesus
1679 2676 1794 2711 hahet.

734 2744 829 2773 nuni,
1123 2734 1167 2770 Ut
1189 2745 1279 2770 verte
1301 2734 1380 2769 fidei
1402 2733 1497 2781 pleni
1520 2732 1726 2772 reddamur,
1749 2739 1783 2768 et
1805 2733 1886 2769 inde

149 2789 270 2826 ardeat
291 2794 331 2825 ut
351 2800 434 2826 vero
458 2794 582 2838 pectus
603 2800 725 2825 amore
748 2791 810 2825 tui.
1125 2797 1158 2826 tc
1180 2801 1325 2839 qnoque
1347 2792 1552 2826 noscamus.
1576 2791 1720 2837 spiritus
1742 2789 1851 2830 alme,
1875 2790 1989 2826 deum.

149 2845 327 2882 Infirmam
348 2857 510 2895 carnem,
533 2847 634 2882 cuius
659 2845 719 2881 tibi
741 2851 826 2882 nota
848 2846 1010 2888 facultas,
1046 2892 1049 2899 Ι

149 2903 332 2939 conservet
353 2904 466 2939 virtus
487 2902 587 2938 firma
610 2902 780 2951 favorque
804 2908 897 2939 tuus.
1046 2885 1083 2955 Ι7
1120 2877 1239 2920 Gloria
1254 2882 1295 2916 sit
1311 2882 1517 2927 summoque
1533 2881 1642 2927 patri,
1661 2886 1816 2929 natoque
1833 2883 2004 2929 parentis,

1123 2939 1182 2986 qui
1206 2938 1373 2985 superans
1395 2942 1560 2977 mortem,
1585 2938 1649 2972 iam
1675 2937 1846 2973 redivivus
1869 2938 1974 2973 adest.

95 2995 115 3027 4
147 2989 198 3032 'l'u
218 2994 351 3042 septem
371 2995 467 3030 vario
489 2993 666 3030 donorum
688 3004 834 3029 munere
855 2996 1015 3042 praestas,
1123 2995 1344 3042 Spiritniqne
1362 2993 1469 3029 decus
1485 2994 1603 3029 sancto
1623 2996 1812 3041 praestetur
1830 2996 1864 3030 in
1879 3006 2002 3035 aevum,

151 3055 186 3085 et
206 3049 341 3098 digitus
362 3050 494 3087 dextrae
516 3050 643 3087 diceris
664 3050 734 3086 esse
755 3049 821 3086 dei.
1126 3052 1217 3087 hune
1239 3050 1419 3086 eelebrent
1441 3060 1562 3086 verum
1583 3050 1710 3088 saecula
1731 3056 1858 3088 cuneta
1887 3051 2002 3088 deum.

98 3137 167 3172 L.c.
183 3147 212 3176 p.
229 3143 273 3170 64.
