2317 3534
86 135 157 168 Nro.
181 138 336 167 573—574.

775 131 974 174 ,Ξοαώίῐπ
1001 133 1286 170 (numerarius.

1922 142 2001 207 3233

539 277 650 324 573.
682 275 919 341 Hymnus
952 274 1013 323 de
1049 278 1217 325 sz‘n‘ieto
1250 277 1540 328 Laurentio.

139 341 259 406 Festa
281 369 449 405 Laurenti
472 370 603 406 celebri
626 382 690 418 per
711 382 841 406 annum

139 424 197 461 lux
219 426 328 467 redit,
352 427 476 462 Christi
499 427 621 463 sanuili
644 427 758 463 dicata

194 482 334 519 Nemini
355 483 520 531 prichens
542 483 767 519 memoranda
791 482 848 518 lidi

138 541 306 587 martyris
327 545 415 576 acta.

82 621 102 651 (Ο

137 614 244 663 Quem
266 629 330 655 nee
353 618 514 654 instantis
538 618 645 655 facies
669 618 820 666 tyranni,

138 681 202 711 nee
222 675 326 712 minae
348 675 429 710 saevi
450 680 603 723 potuere
625 677 720 723 regis

193 731 231 766 In
252 731 319 768 fide
339 732 458 767 sancta
478 731 594 768 stabili
617 738 817 769 manentem

138 787 305 835 frangere
326 794 455 824 mente.

64 868 101 901 *3
135 863 301 905 Pontifex
321 868 441 905 Romae
463 869 564 916 pius,
587 874 623 903 et
643 873 790 916 paratus

137 935 217 960 vera
239 924 411 962 doctrin-„e
430 926 580 973 proprio
603 936 742 964 cruore,

192 980 235 1016 Et
255 981 316 1017 sua
337 981 465 1018 Christi
487 992 576 1018 nece
598 981 771 1019 roborare

107 1038 117 1043 ”
136 1037 303 1085 dogmata
324 1037 466 1086 Syxtus.

79 1119 100 1150 4
131 1113 232 1156 Hune
253 1117 352 1153 iubet
373 1118 552 1166 quondam
573 1118 635 1153 sibi
659 1118 830 1155 creditam
854 1129 938 1157 rem,

135 1173 321 1210 Christiani
343 1174 484 1211 divitias
505 1175 634 1223 peculi,

190 1231 391 1279 Pauperum
412 1231 513 1280 larga
534 1232 705 1280 gregibus
727 1232 897 1268 serentem

136 1288 276 1339 tradere
297 1288 431 1325 dextra.

78 1369 99 1400 0ss

132 1362 201 1405 Sed
223 1380 332 1417 rapax
352 1370 460 1405 sacris
483 1368 612 1418 opibus
635 1374 810 1416 tyrannus

135 1425 290 1473 gestiens
312 1426 445 1462 inferre
466 1437 592 1462 manus
614 1437 735 1462 avaras

190 1482 330 1519 Mandat
350 1484 490 1530 argenti
510 1482 575 1519 sibi
595 1494 677 1519 mox
698 1489 733 1519 et
754 1484 832 1518 auri

134 1539 292 1587 pondera
313 1541 439 1587 promi.

77 1619 99 1652 6
130 1614 226 1667 Ergo
249 1618 405 1656 erudelis
425 1619 520 1655 Decii
542 1619 711 1658 minister,

134 1677 232 1724 impii
252 1676 350 1723 regis
372 1675 476 1712 furiis
498 1676 656 1714 adactus,

189 1732 347 1780 Corripit
367 1734 524 1769 sanctum
547 1732 726 1772 iuvenem,
748 1732 926 1779 minisque

137 1789 296 1826 tristibus
317 1794 434 1837 urget.

78 1871 96 1902 7
131 1866 170 1908 Ni
190 1870 307 1905 statim
329 1874 432 1905 tectae
452 1869 612 1916 preciosa
633 1868 734 1905 Gazae

134 1925 227 1962 dona
247 1925 432 1974 deportet,
453 1925 645 1974 Latiosque
667 1926 767 1961 divos

189 1982 286 2018 More
307 1983 481 2019 maiorum
501 1988 710 2022 veneratus,
734 1983 804 2017 aris

135 2039 238 2075 addat
259 2040 428 2076 honores.

77 2120 98 2152 8
131 2115 195 2158 {lle
218 2119 402 2155 thesauros
424 2129 534 2167 grege
555 2124 749 2155 convocato

135 2187 330 2225 pauperum
353 2177 547 2215 monstrat,
569 2174 649 2211 fidei
670 2175 843 2222 nefasque

190 2231 322 2269 Edocet
343 2232 440 2281 quod
460 2233 504 2268 sit
526 2232 657 2268 violare
678 2231 816 2267 Christo

136 2283 213 2326 iura
234 2290 389 2326 sacratae.

78 2370 99 2402 9
131 2365 224 2416 Ergo
247 2380 319 2405 non
341 2380 434 2405 unus
456 2367 572 2405 subito
595 2368 788 2404 advocatus

135 2425 289 2461 carnifex
312 2436 450 2462 omnem
473 2425 584 2461 movit
606 2424 796 2463 officinam,

191 2482 300 2530 Inque
323 2482 532 2519 coniunctas
556 2488 680 2518 tenero
703 2481 827 2528 fatigat

134 2550 285 2587 corpore
306 2540 410 2575 vires.

80 2627 102 2658 A
121 2633 185 2665 1:35,
204 2630 281 2660 Ξῖετεῐ
303 2633 360 2660 173
378 2627 582 2659 indebilitate.
616 2627 637 2657 R
654 2632 721 2664 321,
747 2629 825 2659 ffierss
844 2631 888 2660 93.)
906 2632 1016 2660 ium-01.
1050 2626 1111 2663 ἵξιῖι·
1134 2631 1174 2661 bic
1191 2632 1250 2661 δῖοί
1268 2632 1358 2662 ‘sicut
1377 2632 1453 2662 vtro.
1471 2636 1534 2666 371,
1561 2637 1574 2658 Γ·

1041 371 1046 401 ¹
1067 373 1105 404 10
1138 368 1282 409 Texitur
1305 374 1443 409 taudem
1467 375 1635 411 scelerata
1657 381 1773 411 crates

1063 620 1098 653 11

1060 1120 1097 1152 13

1035 1370 1097 1420 ἲ14

1059 1621 1098 1652 15

1060 1870 1099 1902 lo

1057 2371 1097 2402 18

1138 428 1278 464 laminis
1303 430 1405 470 ferri,
1430 431 1637 478 iuvenisque
1661 434 1767 467 l'aneti

1192 484 1287 520 Nuda
1310 486 1477 523 Laurenti
1501 490 1604 536 super
1625 489 1760 535 alligati

1136 541 1291 577 membra
1313 544 1473 580 revincit.

1135 616 1306 658 Aestuans
1328 624 1475 669 prunis,
1500 623 1724 671 rutilansque
1747 624 1893 659 [lammis

1135 676 1256 712 subter
1278 678 1384 718 lianc,
1408 680 1469 714 irse
1492 679 1603 715 rabidi
1629 681 1762 715 furoris

1190 733 1372 775 Seiw'ieiis,
1396 735 1496 771 dirus
1519 748 1629 784 rogus
1652 738 1802 773 excitato

1133 789 1296 826 subditur
1317 792 1409 838 igne.

1136 866 1310 907 innocens
1336 882 1446 907 unum
1468 871 1562 906 latus
1584 872 1643 907 ille
1668 877 1790 909 torret,

1132 928 1261 962 mentis
1284 932 1319 963 at
1341 927 1452 963 sidens
1476 929 1612 964 iuvenis
1636 929 1730 963 iubet
1756 931 1787 963 se

1189 983 1306 1024 verti,
1329 990 1368 1021 ut
1389 984 1492 1021 assata
1514 985 1630 1021 rabies
1655 987 1793 1033 tyranni

1131 1045 1233 1087 parte
1254 1040 1407 1077 fruatur.

1129 1115 1264 1157 Milites
1286 1120 1411 1157 Christi
1433 1127 1552 1157 manet
1574 1121 1636 1156 iste
1658 1121 1739 1157 finis

1131 1176 1237 1212 huius
1260 1177 1295 1212 in
1318 1178 1438 1213 mundi
1462 1180 1596 1226 spacio,
1620 1179 1677 1214 sed
1699 1189 1738 1214 ex
1760 1179 1824 1215 hae

1185 1233 1322 1282 Excipit
1343 1236 1413 1271 vita
1435 1235 1561 1271 melior
1581 1236 1766 1283 profectos

1131 1292 1252 1337 portio
1274 1302 1405 1328 rerum.

1132 1365 1195 1414 Qui
1217 1371 1317 1418 sequi
1338 1371 1513 1407 Christum
1535 1372 1686 1419 cupiunt
1707 1374 1925 1420 magistrum,

1131 1432 1165 1461 et
1187 1428 1254 1474 pia}
1277 1434 1410 1464 rectam
1436 1429 1582 1463 tenuisse
1606 1429 1686 1465 vitae

1187 1484 1375 1525 Semitain,
1399 1485 1497 1521 durae
1521 1485 1611 1521 mala
1634 1486 1727 1522 serre
1750 1488 1853 1523 sortis

1130 1540 1241 1576 multa
1263 1542 1402 1577 necesse
1424 1543 1485 1577 est.

1131 1616 1229 1658 Nunc
1253 1625 1352 1656 tuum
1373 1627 1488 1657 eoetus
1511 1622 1658 1657 memori
1682 1625 1873 1670 quotannis

1132 1687 1280 1717 nomen,
1303 1690 1323 1713 o
1346 1684 1482 1726 martyr
1503 1679 1630 1715 recolit
1652 1679 1767 1715 fidelis

1188 1732 1302 1770 Corde
1326 1740 1359 1769 te
1381 1741 1508 1771 cantus
1532 1737 1668 1772 meritis
1691 1737 1808 1772 sonori

1132 1790 1297 1826 laudibus
1319 1803 1462 1828 ornans.

1131 1865 1175 1908 Et
1196 1870 1298 1906 simul
1320 1871 1456 1907 Christo
1480 1873 1537 1919 pia
1561 1872 1665 1909 turba
1687 1878 1808 1920 grates

1131 1929 1248 1963 omnis
1270 1929 1388 1964 autori
1410 1930 1552 1977 peragit
1574 1929 1708 1969 salutis,

1187 1983 1254 2027 Qui
1277 1990 1335 2020 tua
1357 1985 1472 2021 victor
1493 1987 1610 2034 posuit
1632 1997 1787 2034 perenne

1129 2046 1246 2076 morte
1269 2042 1479 2090 trophaeum.

1129 2116 1193 2158 llle
1215 2120 1258 2156 de
1280 2120 1361 2157 elati
1383 2121 1473 2157 solet
1495 2122 1560 2158 hae
1583 2123 1803 2170 triumphum

1130 2176 1267 2213 viribus
1290 2178 1428 2225 semper
1450 2180 1589 2215 ratione
1611 2179 1745 2215 clarum

1186 2234 1337 2274 Ducere,
1361 2247 1400 2271 ac
1421 2237 1456 2271 in
1478 2235 1661 2271 debilitate
1684 2235 1794 2271 robur

1130 2291 1295 2337 frangere
1316 2292 1448 2327 mundi.

1130 2366 1282 2408 Maxime
1304 2382 1324 2407 o
1347 2382 1467 2407 rerum
1491 2371 1553 2407 tibi
1576 2372 1652 2407 laus
1674 2371 1716 2406 sit
1738 2378 1843 2407 autor

1129 2432 1164 2462 et
1186 2434 1306 2475 pater,
1329 2429 1371 2463 sit
1394 2428 1469 2464 laus
1493 2428 1554 2464 tibi
1577 2429 1709 2463 Christe
1731 2428 1791 2467 lili,

1186 2484 1228 2519 Et
1249 2484 1315 2520 deo
1338 2484 1414 2521 laus
1436 2485 1479 2520 sit
1502 2485 1562 2520 tibi
1588 2486 1702 2520 sancte
1724 2496 1806 2520 vcro

1130 2540 1236 2577 ssatus
1258 2547 1293 2577 et
1315 2543 1388 2577 uni.

1579 2636 1608 2660 Γ]
1627 2636 1683 2662 un‘o
1702 2635 1750 2659 37ῑῖ
1768 2632 1799 2665 ist
1819 2631 1838 2660 A
1864 2632 1904 2662 *eie
1923 2634 1992 2667 crstc

80 2679 136 2706 unt>
153 2675 257 2714 einsige
274 2674 402 2706 Duette:
439 2676 474 2710 ste
494 2676 586 2712 finben
607 2675 656 2712 stet)
675 2674 703 2704 in
722 2674 827 2705 reiucm
846 2674 946 2706 ascrre
963 2684 1019 2706 nnn
1037 2676 1139 2713 zoua).
1161 2677 1364 2708 OEmncmriuff.

655 2809 763 2854 574.
799 2807 881 2855 Ad
918 2807 1172 2857 Christum
1207 2813 1419 2872 Σωτῆρα.

661 2886 703 2926 In
725 2888 972 2928 meditatione
994 2890 1176 2941 passionis
1197 2890 1410 2928 dominicam

136 2942 309 3008 Cllriste,
333 2970 393 3016 qui
415 2973 564 3004 mortem
587 2969 770 3004 moriendo
793 2971 907 3006 victor

138 3025 264 3060 sternis
286 3030 320 3060 et
341 3025 458 3062 calcar
479 3025 650 3060 scelerum
673 3026 846 3065 retundis,

193 3081 232 3116 Et
254 3082 348 3118 laras
370 3082 500 3117 mentis
523 3083 623 3117 roseo
648 3082 842 3129 inquinata·

138 3138 304 3184 sanguine
325 3139 464 3174 sordes:

1035 2969 1073 2993 l.)

1056 2997 1073 3005 —v

1031 3085 1036 3183 l

1107 2969 1219 3010 Prosit
1243 2972 1370 3006 iniusto
1395 2977 1453 3006 tua
1474 2981 1572 3005 mors
1593 2971 1725 3017 iniqua,

1112 3031 1279 3063 innocens
1302 3027 1408 3063 salvet
1431 3033 1488 3062 tua
1513 3028 1580 3062 viia
1604 3028 1749 3066 sontem,

1168 3084 1233 3119 l'ro
1259 3085 1307 3119 tui
1331 3090 1366 3119 ut
1392 3084 1477 3120 sacri
1501 3095 1645 3131 quoque
1666 3095 1720 3118 me
1741 3086 1881 3121 cruoris

1111 3140 1249 3175 fluxerit
1274 3140 1376 3176 unda.

1597 3193 1687 3240 21*
