2317 3534
84 148 156 179 Nro.
179 151 222 179 27.
763 141 980 182 aurelius.
1004 142 1276 183 {armentius
1898 148 1901 151 ·
1949 144 2001 183 25

496 351 942 417 AURELIUS
997 315 1577 414 PRUDENTIUS.

929 465 1000 497 Mo.
1028 470 1059 494 27
1119 469 1161 496 4..

193 640 236 679 A.
268 638 470 678 Prudentii
491 643 614 690 poetae
636 648 768 689 opera.
809 635 980 674 Venetiis
1001 634 1101 686 apud
1125 632 1263 672 Alduin
1286 636 1415 672 mense
1439 634 1630 694 lanuario.
1672 634 1802 674 31.D1.
1845 639 1881 677 4.

195 718 235 758 C.
267 718 435 770 Exposit.

194 797 238 836 D.
269 797 409 848 Hymn„
433 799 557 839 1513.

194 876 237 915 E.
268 875 415 915 Aurelii
434 875 638 915 Prudentii
658 874 888 920 Clementis,
911 887 944 913 v.
969 886 1001 913 c,
1026 877 1148 919 sacra,
1171 885 1256 926 quae
1279 877 1429 918 extant,
1453 872 1636 911 poemata
1658 874 1799 911 omnia.
1848 872 2003 911 Basileae

241 936 382 984 91562.
428 936 466 976 8.

194 1011 238 1052 F.
270 1011 384 1052 Fabr.

611 1117 690 1163 27.
723 1114 962 1182 Hymnus
1002 1113 1067 1161 ad
1104 1112 1230 1178 galli
1270 1120 1488 1160 cantum.

252 1209 362 1268 ALes
382 1232 452 1268 diei
474 1232 625 1268 nuncius

252 1287 367 1325 lucem
388 1290 629 1337 propinquam
651 1288 827 1336 price-init,

251 1345 323 1381 Nos
345 1345 519 1381 excitator
540 1345 713 1381 mentium

254 1402 321 1437 iam
343 1402 502 1438 Christus
524 1403 565 1437 ad
589 1402 693 1437 vitam
717 1408 828 1437 vocat.

215 1483 235 1514 2
257 1477 427 1521 Auferte,
450 1480 598 1521 clamat,
622 1480 787 1520 lectulos,
841 1515 844 1518 .

253 1549 371 1586 aegros
382 1566 390 1578 ,
415 1537 565 1586 sopores
576 1567 584 1578 ,
607 1537 764 1573 desides:

253 1594 416 1642 Castique
438 1595 526 1630 recti
549 1605 588 1630 ac
610 1593 717 1629 sobrii

251 1650 416 1699 vigilate,
440 1651 508 1686 iam
529 1651 604 1686 sun]
625 1651 821 1699 proximus.

216 1732 236 1766 3
256 1728 343 1770 Post
363 1729 449 1766 solis
471 1736 589 1765 ortum
612 1729 741 1777 fulgidi

252 1788 370 1823 serum
393 1787 444 1822 est
465 1786 581 1822 cubile
604 1787 783 1834 spernere,

253 1843 292 1879 Ni
315 1848 416 1892 parte
437 1843 554 1879 noetis
575 1843 694 1879 addita

253 1905 396 1948 teinpus
416 1899 531 1936 labori
554 1900 735 1935 adieceris.

216 1983 237 2014 4
257 1976 334 2019 Vox
356 1979 440 2019 ista,
464 1991 532 2027 qua
556 1980 720 2026 strepunt
742 1991 822 2015 aves

256 2037 387 2072 stantes
408 2035 472 2071 sub
493 2036 568 2083 ipso
589 2036 756 2075 culmine,

253 2092 364 2129 Paulo
386 2097 469 2128 ante
491 2103 595 2140 quam
617 2091 676 2127 lux
698 2093 836 2132 emicet,

255 2149 369 2185 nostri
390 2149 505 2197 figura
526 2149 577 2184 est
599 2148 738 2184 iudicis.

217 2231 238 2264 5
256 2225 385 2267 ‘rectos
408 2228 566 2264 tenebris
588 2228 756 2267 horridis,

254 2285 447 2333 stratisque
470 2291 617 2333 opertos
639 2284 817 2331 segnibus,

257 2341 390 2378 suadet
410 2341 567 2390 quietem
587 2341 751 2388 linquere

257 2398 487 2446 iamiamque
508 2404 659 2434 venturo
680 2398 748 2433 die.

219 2480 240 2513 6
259 2474 303 2517 Ut
323 2489 403 2513 cum
426 2477 582 2513 coruscis
603 2477 747 2513 flatibus

256 2545 387 2570 aurora
408 2533 533 2570 caelum
555 2534 734 2581 sparserit,

257 2591 386 2627 Omnes
406 2589 529 2626 labore
551 2591 730 2626 exercitos

256 2647 442 2684 confirmet
464 2647 506 2682 ad
529 2647 624 2694 spem
646 2647 801 2683 luminis.

218 2729 238 2761 7
254 2723 321 2766 llic
342 2726 485 2762 somnus
507 2725 548 2760 ad
570 2731 710 2773 tempus
731 2727 837 2763 datus

257 2784 309 2819 est
330 2782 446 2818 forma
466 2781 594 2817 mortis
615 2783 790 2830 perpetis:

255 2839 402 2875 Peccata
422 2849 486 2874 ceu
507 2849 577 2873 nox
599 2837 743 2875 horrida

256 2901 392 2944 cogunt
413 2895 545 2937 iacere,
569 2906 607 2930 ac
630 2896 790 2931 stertere.

219 2976 240 3009 8
260 2970 330 3014 Sed
351 2985 417 3010 vox
438 2973 557 3010 ablato
579 2973 730 3011 culmine

256 3025 385 3067 christi
404 3029 566 3067 docentis
589 3038 796 3078 praemonet,

257 3087 384 3123 Adesse
405 3087 473 3123 iani
495 3086 608 3122 lucem
631 3099 754 3135 prope,

257 3155 301 3180 ne
321 3155 421 3180 mens
442 3143 563 3192 sopori
585 3143 722 3180 serviat.

1042 1215 1044 1236 ι

1042 1242 1045 1276 l

1173 1233 1194 1266 9
1232 1228 1281 1270 Ne
1304 1232 1448 1266 somnus
1472 1231 1582 1278 usque
1606 1229 1647 1264 ad
1672 1229 1845 1265 terminos

1230 1288 1311 1323 vitae
1334 1288 1493 1324 socordis
1517 1286 1697 1334 opprimat

1228 1345 1357 1380 Pectus
1380 1343 1557 1391 sepultuin
1575 1343 1734 1383 crimine,

1230 1407 1263 1437 et
1287 1401 1376 1437 lucis
1399 1400 1550 1436 oblitum
1573 1400 1652 1435 stne.

1174 1483 1216 1515 10
1230 1478 1361 1519 Ferunt
1386 1485 1554 1526 vagantes
1577 1479 1756 1514 [heluonas

1230 1536 1332 1574 laetos
1357 1537 1514 1572 tenebris
1536 1536 1707 1575 noctium,

1232 1593 1332 1629 Gallo
1354 1599 1504 1629 canente
1527 1592 1720 1628 exterritos

1233 1651 1376 1698 sparsim
1401 1650 1525 1685 timere
1548 1655 1583 1684 et
1605 1648 1743 1685 cedere.

1176 1734 1215 1766 11
1238 1726 1351 1768 Invisa
1374 1741 1453 1764 nain
1476 1728 1637 1764 vicinitas

1230 1787 1343 1826 lucis,
1367 1785 1511 1825 salutis,
1536 1785 1704 1824 numinis,

1228 1844 1348 1891 Rupto
1372 1842 1600 1878 tenebrarum
1622 1842 1701 1880 situ,

1230 1900 1348 1936 noctis
1371 1892 1471 1946 sugat
1494 1897 1677 1934 satellites.

1178 1982 1217 2014 12
1232 1976 1306 2018 Hoc
1329 1979 1400 2014 esse
1424 1979 1562 2025 signum
1586 1978 1724 2026 praescii

1231 2041 1364 2071 norunt
1388 2035 1609 2082 repromissae
1632 2035 1715 2082 spei,

1164 2098 1171 2101 ’
1231 2093 1306 2137 Qua
1327 2104 1392 2127 nos
1416 2092 1555 2139 soporis
1578 2091 1682 2127 liberi

1232 2151 1416 2197 speramus
1439 2148 1626 2184 adventum
1649 2148 1716 2183 dci.

1180 2232 1217 2265 13
1236 2225 1318 2274 Qua:
1339 2228 1390 2263 vis
1412 2228 1455 2262 sit
1477 2227 1583 2263 huius
1606 2228 1712 2266 alitis,

1233 2284 1384 2321 salvator
1407 2284 1558 2320 ostendit
1582 2284 1700 2323 Petro,

1233 2343 1302 2378 Ter
1323 2346 1404 2377 ante
1427 2352 1531 2388 quain
1553 2340 1670 2387 gallus
1692 2347 1805 2379 cinnat,

1234 2400 1303 2434 sese
1326 2398 1527 2445 negandum
1550 2398 1757 2444 praedicans.

1177 2482 1216 2513 14
1231 2476 1286 2517 Fit
1308 2489 1447 2525 nanque
1469 2483 1637 2524 peccator
1659 2477 1758 2523 prius

1232 2546 1335 2583 quain
1359 2545 1478 2582 praeco
1501 2534 1588 2568 lucis
1611 2534 1782 2580 proxima?

1231 2591 1397 2627 Inlustrct
1418 2590 1610 2625 humanum
1632 2602 1760 2636 genus

1231 2648 1407 2695 finemque
1430 2646 1598 2694 peccandi
1622 2647 1724 2682 serat.

1176 2730 1216 2762 15
1231 2725 1341 2766 Flevit
1365 2731 1517 2773 negator
1537 2725 1691 2772 denique

1231 2796 1271 2819 ex
1295 2795 1355 2818 ori¹
1379 2781 1581 2829 prolapsum
1604 2782 1722 2817 nefas:

1231 2841 1316 2875 tlinn
1339 2850 1437 2874 niens
1459 2845 1619 2875 innueret
1642 2839 1824 2878 innocens,

1231 2897 1442 2942 animusque
1465 2896 1618 2931 servaret
1641 2895 1756 2931 sideni.

1178 2972 1295 3013 lttNec
1320 2973 1387 3008 tale
1410 2974 1599 3021 quicquam
1621 2976 1743 3022 postca

1229 3031 1359 3077 lingna·
1382 3029 1526 3066 locutus
1548 3030 1687 3066 lubrico
1710 3032 1759 3067 est

1229 3089 1411 3133 (lantuque
1433 3087 1517 3133 galli
1538 3088 1696 3134 cognito,

1229 3154 1375 3192 peccare
1399 3143 1511 3179 iustus
1533 3144 1680 3180 destitit.
