2317 3534
116 128 188 161 Nro.
214 133 369 159 1⁴2—143.

868 125 1023 161 {lother
1045 132 1112 161 bet
1138 127 1283 183 ἕψητε.
1980 129 2032 169 95

702 303 808 349 142.
841 301 917 348 De
952 300 1214 348 nativitate
1251 301 1456 350 domini.

229 391 360 454 NAtus
382 424 462 453 ante
485 417 610 453 saecula

228 474 282 509 dei
306 473 410 514 silius,

231 530 432 570 invisibilis,
457 531 682 569 interminus,

228 583 298 626 Per
319 598 422 634 quem
446 586 484 622 sit
505 587 665 622 machina

230 642 305 680 caeli
327 648 363 678 et
384 649 500 683 terrae,

230 699 338 735 maris
359 705 394 735 et
417 700 451 735 in
473 699 528 735 his
550 699 768 747 degentium,

174 782 194 812 2
226 775 296 817 Per
317 789 421 826 quem
443 779 518 815 dies
540 785 577 815 et
598 780 695 815 horae
717 778 833 814 labant

229 840 264 870 et
286 835 319 871 se
341 835 470 871 iterum
493 836 730 883 reciprocant,

230 887 338 937 Quem
360 891 478 939 angeli
502 891 535 927 in
557 903 636 928 arce
659 892 732 940 poli

230 959 315 984 voce
337 949 490 997 consona
511 949 649 997 semper
669 955 811 984 canunt.

174 1028 195 1061 3
227 1023 292 1065 Hic
313 1038 444 1075 corpus
466 1028 699 1076 assumpserat
721 1027 861 1075 fragile,

231 1084 305 1120 sine
326 1082 404 1120 lalie
427 1083 614 1131 originalis
635 1085 808 1123 criminis,

231 1141 273 1176 de
294 1151 399 1177 carne
420 1140 539 1177 Maria}
560 1141 727 1189 virginis,
751 1153 822 1190 quo
845 1141 949 1189 primi

230 1197 389 1246 parentis
410 1196 550 1246 culpam

231 1253 384 1301 Evaequc
404 1253 579 1290 lasciviam
601 1260 773 1302 tergeret.

231 1306 306 1350 Hoc
327 1310 487 1358 praesens
507 1310 643 1348 diecula
666 1310 830 1359 loquitur

231 1366 444 1414 praelucida,
466 1367 612 1404 adaucta
634 1367 870 1415 longitndine,

233 1423 330 1470 quod
351 1422 402 1458 sol
424 1435 527 1460 verus
550 1424 649 1460 radio
670 1425 723 1460 sui
747 1423 890 1460 luminis

231 1480 386 1516 vetustas
407 1481 528 1516 mundi

231 1535 411 1585 depulerit
430 1537 574 1585 genitus
597 1536 773 1573 tenebras.

176 1619 197 1650 4
228 1613 298 1655 Nec
319 1627 388 1652 nox
408 1621 508 1653 vacat
527 1616 608 1652 novi
631 1617 766 1664 syderis
788 1616 865 1652 luce

234 1672 328 1720 quod
349 1684 536 1720 magorum
557 1672 682 1710 oculos
906 1715 920 1732 ο

1073 407 1076 477 l

1073 485 1075 516 1

1207 419 1334 454 terruit
1357 419 1456 453 scios.

1205 472 1272 513 Nee
1295 486 1443 521 gregum
1466 475 1644 521 magistris
1665 475 1777 510 desnit
1801 474 1932 513 lumen,

1206 542 1297 578 quos
1319 532 1537 579 praestrinxit
1558 531 1700 567 claritas

1206 586 1358 623 militum
1381 588 1449 623 dei.

1149 680 1168 710 ὂ
1202 672 1340 717 Gaude,
1363 678 1418 713 dei
1442 678 1605 724 genitrix,

1206 745 1310 782 quarn
1332 735 1561 770 circumstant
1585 734 1812 770 obstetricum

1205 790 1279 826 vice
1301 791 1532 826 concinentes

1206 846 1323 894 angeli
1346 846 1498 894 gloriam
1519 848 1598 892 deo.

1208 902 1363 943 Christe,
1386 904 1498 952 pati-is
1521 905 1633 943 unice,

1209 960 1268 1006 qui
1293 960 1479 996 humanam
1502 962 1614 996 nostri
1638 962 1738 1004 causa

1208 1016 1357 1052 sormam
1381 1017 1603 1065 assumpsisti,

1208 1073 1328 1109 refove
1351 1073 1527 1122 supplices
1551 1080 1644 1110 tuos.

1151 1166 1171 1197 G
1203 1159 1245 1201 Et
1269 1176 1422 1212 quorum
1444 1165 1656 1213 participem
1681 1171 1714 1200 tc
1738 1165 1814 1200 sore

1208 1221 1375 1268 dignatus
1398 1234 1446 1261 es,

1208 1277 1292 1317 Iesu,

1207 1334 1398 1380 dignanter
1415 1346 1538 1371 eornm

1211 1391 1342 1439 suscipe
1365 1403 1500 1439 preces.

1205 1443 1245 1485 Ut
1269 1448 1362 1495 ipsos
1384 1448 1580 1484 divinitatis
1604 1455 1675 1484 tuae

1208 1505 1412 1552 participes,

1209 1561 1308 1600 deus,

1211 1618 1326 1653 facere
1349 1618 1520 1665 digneris,

1212 1675 1313 1710 unice
1335 1674 1404 1710 dei.

122 1764 239 1803 ffllaing.
261 1762 343 1800 mist.
369 1766 443 1794 1432.
469 1763 559 1795 ffisatt
582 1759 650 1795 33¹³.
670 1763 747 1794 OEetss
765 1768 809 1793 52
832 1761 1037 1793 obstitiicnni.
1071 1761 1155 1795 Text.
1177 1763 1259 1804 sequ.
1279 1765 1368 1796 *Bam
1392 1768 1424 1803 3,
1448 1766 1527 1796 ’Betss
1546 1769 1589 1797 35}
1613 1767 1685 1805 fehlt
1705 1765 1823 1801 maiixv,
1857 1771 1896 1798 4.1
1924 1767 2036 1800 lunwn.

122 1810 220 1845 sbti-m.
238 1809 340 1840 aeonu.
356 1808 446 1840 §Blatt
463 1807 484 1839 Β
502 1805 558 1840 2²²:
578 1812 622 1840 4.3
638 1808 718 1849 pios
750 1808 773 1839 D
793 1808 830 1841 ΙΙ.
851 1814 876 1840 5.

340 2034 342 2036 V
395 1966 502 2013 143.
540 1964 601 2012 In
629 1965 892 2014 nativitate
924 1965 1137 2029 domini,
1171 1965 1236 2015 ad
1264 1962 1532 2015 secundam
1562 1968 1769 2016 missam.

235 2055 321 2130 Eya
342 2081 542 2118 recolamus
563 2081 728 2119 laudibus

0 2089 13 2259 b
236 2138 306 2186 piis
328 2139 434 2186 digna

181 2220 202 2251 2
233 2213 346 2256 Huius
366 2218 436 2255 diei
457 2218 624 2262 carmina,

237 2275 273 2310 in
295 2286 364 2323 qua
384 2274 487 2311 nohis
509 2274 567 2311 lux
590 2275 707 2311 oritur
727 2276 937 2322 gratissima.

0 2267 18 2403 ς
235 2328 358 2372 Noctis
379 2331 503 2368 interit
522 2331 662 2372 nebula,

5 2414 15 2452 ε
237 2393 389 2436 pereunt
409 2388 520 2424 nostri
541 2388 701 2425 criminis
724 2388 942 2425 umbracula.

9 2476 21 2501 a

13 2535 18 2555 1

11 2587 24 2615 N

182 2468 202 2502 3
233 2463 346 2506 Hodie
366 2467 496 2504 saeculo

237 2523 346 2560 maris
366 2523 467 2560 stella
487 2524 539 2560 est
557 2524 660 2562 enixa

239 2591 338 2618 novoe
359 2580 480 2617 salutis
502 2581 642 2629 gaudia.

15 2628 18 2642 ¹
240 2633 349 2683 Quem
372 2643 529 2673 tremunt
550 2637 702 2677 baratra.

238 2705 338 2729 mors
357 2699 504 2730 cruenta
525 2699 628 2742 pavet
650 2694 732 2743 ipsa,

239 2762 259 2786 a
280 2761 351 2798 quo
373 2750 505 2798 peribit
525 2756 678 2786 mortua.

184 2830 205 2862 4
236 2823 352 2868 Gemit
371 2835 473 2877 capta
495 2830 603 2877 pestis
625 2830 782 2878 antiqua.

241 2884 388 2922 coluber
409 2885 538 2922 lividus
559 2886 677 2934 perdit
700 2887 821 2935 spolia,

240 2938 354 2981 flomo
375 2941 512 2990 lapsus,
535 2944 610 2978 ovis
630 2943 778 2979 abducta

242 3004 431 3035 revocatur
451 2999 492 3035 ad
513 3005 647 3035 aeterna
669 3000 807 3046 gaudia.

186 3077 208 3110 5
238 3071 400 3116 Gaudent
421 3078 455 3114 in
477 3077 542 3115 hac
562 3078 618 3114 die
640 3080 781 3126 agmina

243 3133 452 3181 angelorum
473 3134 635 3173 carlertin.

1213 2080 1299 2130 Quia
1320 2091 1395 2121 erat
1417 2085 1583 2122 drachma
1604 2086 1737 2122 deci-ma

1212 2142 1368 2190 perdita,
1391 2148 1425 2178 et
1447 2143 1498 2178 est
1521 2143 1672 2180 inventa.

1155 2223 1176 2256 b·
1210 2218 1238 2260 0
1261 2221 1365 2269 culpa
1387 2222 1533 2258 nimium
1557 2222 1670 2263 licata,

1212 2290 1282 2325 qua
1302 2279 1486 2327 redempta
1507 2280 1557 2315 est
1579 2286 1724 2316 natura:

1212 2332 1323 2375 lleus,
1347 2336 1406 2383 qui
1429 2337 1560 2372 creavit
1584 2338 1712 2375 onmia,

1213 2392 1367 2428 nascitur
1389 2404 1429 2427 ex
1452 2393 1592 2428 semina.

1157 2484 1175 2493 .-

1163 2496 1171 2515 ι
1209 2477 1384 2519 Mirabilis
1407 2489 1544 2521 natura.

1215 2538 1362 2575 mirifice
1385 2540 1518 2579 induta,

1214 2595 1390 2632 assumens
1413 2597 1507 2643 qnod
1529 2607 1599 2631 non
1622 2603 1708 2635 erat.

1215 2663 1360 2688 manens
1382 2653 1478 2700 qnod
1500 2659 1586 2688 crat.

1203 2705 1378 2756 *induitur
1400 2715 1526 2744 natura

1215 2765 1380 2800 divinitas
1404 2766 1571 2801 hnmana:

1215 2821 1295 2868 quis
1316 2821 1448 2857 audivit
1472 2822 1565 2859 talia.

1215 2878 1288 2917 dic.
1311 2889 1417 2926 rogo,
1442 2879 1554 2914 sacta?

1158 2971 1179 3001 ὅ
1212 2964 1378 3013 flii-”erere
1400 2976 1541 3005 venerat

1215 3025 1334 3071 pastor
1354 3025 1436 3072 pins
1458 3026 1553 3074 quod
1575 3026 1742 3074 perierat.

1211 3077 1330 3118 Induit
1350 3082 1499 3127 galcam,

1183 3185 1189 3192 .
1213 3143 1326 3173 certat
1351 3144 1387 3173 ut
1409 3138 1510 3174 miles
1532 3146 1723 3176 armatura.
