2317 3534
274 155 354 193 250

996 146 1176 186 „Burobus-

1204 147 1386 187 4110011111
1402 155 1418 177 n
2030 145 2101 175 Nro.
2128 150 2187 174 425.

271 266 291 294 tt
324 257 385 298 llis
408 265 503 294 van-s
524 259 627 306 parili
651 257 792 293 swmina
817 258 938 305 spiritu

328 316 432 351 saeris
453 316 510 351 dat
535 315 644 351 socias
668 315 754 349 teste
777 314 843 349 deo
866 326 1002 353 manus,

383 374 466 416 Quae
488 373 567 420 post
591 372 661 407 sata
682 371 800 407 mariti

326 430 511 475 lougevam
533 428 671 464 viduam
693 434 829 475 egerat.

272 505 408 547 11111110
430 508 515 545 aedis
538 508 691 555 Solymte
713 519 777 543 eeu
801 508 894 542 reses
918 507 1032 543 incola

325 566 464 601 fruetus
487 565 666 601 :ethereus
690 564 962 612 opperientibus
1006 599 1016 602 ,

381 623 486 669 Regis
508 623 645 670 sceptra
667 621 785 669 pusilli

325 679 417 715 votis
439 679 561 727 pandit
582 678 771 714 alacribus.

271 762 306 793 ll
325 755 354 797 0
378 770 482 805 quem
505 764 586 794 tune
610 758 763 806 Symeon
786 759 957 805 Annaque
981 756 1110 792 nobilis

322 817 525 864 persensere
549 816 684 855 savum,
708 827 778 862 quo
802 815 870 850 suit
892 820 1044 861 utraque

379 873 476 908 Mens
499 872 644 920 impleta
667 873 789 917 vigore

323 937 356 966 et
380 942 451 978 quo
474 930 635 965 flammea
657 929 812 965 numine.

269 1006 399 1048 12Non
422 1010 484 1045 has
506 1009 628 1057 lingua
650 1013 779 1056 potens
802 1008 947 1043 delicias
968 1013 1082 1047 canet,

322 1078 385 1103 nec
407 1066 569 1102 soecunda
592 1066 667 1114 pari
691 1077 790 1101 mens
811 1065 928 1113 capiet
950 1064 1039 1104 sinu,

380 1123 462 1159 Sola
483 1124 547 1159 has
569 1123 666 1158 novit
689 1122 827 1158 abunde

323 1180 421 1217 sielix
443 1180 671 1228 experientia.

1302 259 1343 292 13
1358 254 1534 295 Christum
1557 254 1716 302 quisquis
1738 259 1816 289 avet
1838 260 1984 300 tangere
2002 254 2188 301 parvulum

1357 319 1390 349 et
1414 311 1521 360 passis
1545 311 1653 347 animi
1674 312 1849 357 stringere
1872 310 2039 351 brachiis,

1415 369 1523 404 Veros
1545 374 1667 415 carpet
1689 378 1830 403 amores

1358 432 1393 462 et
1414 424 1669 474 symplegmata
1690 425 1848 472 mystica.

1305 509 1343 540 li
1359 502 1599 551 Langnesceut
1620 504 1760 551 Cypriae
1782 503 1968 539 multifida}
1991 505 2095 544 faces,

1359 569 1394 598 et
1418 568 1540 609 turpes
1563 561 1704 608 fugient
1725 560 1831 607 (haud
1853 560 1965 608 mora)
1986 562 2138 609 copulxe,

1415 619 1507 663 Quin
1528 617 1729 654 caelestibus
1751 618 1859 654 armis
2022 621 2028 624 “

1358 676 1486 712 00110111
1507 686 1603 710 arma
1625 674 1826 710 libidinum.

1307 759 1345 790 15
1360 751 1483 795 Salve,
1506 755 1613 802 digne
1634 766 1746 802 puer,
1768 754 1934 790 laudibus
1957 755 2115 802 optimis,

1360 824 1439 849 eum
1461 811 1508 846 sis
1530 823 1548 847 0
1571 812 1693 859 11110113
1715 812 1874 859 optimus
1897 811 2065 851 omnium,

1414 868 1498 904 Nan]
1521 868 1693 904 velamine
1716 868 1833 904 carnis

1359 925 1496 961 claudis
1517 930 1728 973 panaretum
1749 925 1867 961 deum.

1305 1008 1344 1040 16
1360 1000 1497 1050 [11110113
1519 1005 1711 1052 solivagam
1733 1005 1853 1052 pastor
1875 1016 1974 1040 ovem
1997 1004 2124 1046 bonus,

1359 1062 1444 1098 illue
1466 1068 1505 1098 ut
1526 1062 1693 1101 revellas,
1716 1062 1855 1109 semper
1876 1061 1937 1097 ubi
1958 1066 2062 1110 pater

1415 1119 1546 1155 Tecum
1568 1124 1603 1154 et
1624 1118 1764 1154 ssamine
1785 1124 1913 1166 regnat

1360 1175 1541 1211 maiestate
1563 1174 1750 1212 simillima.

266 1282 399 1312 0113111111
419 1281 631 1321 Spiritualinm
650 1280 744 1311 Litwr
762 1303 769 1310 .
804 1279 981 1310 Clarissimo
1001 1279 1065 1309 viro
1085 1277 1192 1308 loanni
1214 1276 1280 1308 Elio
1300 1276 1498 1308 llhistrist'imi
1518 1276 1663 1317 Episcopi
1683 1274 1900 1307 Monasteriefi.
1920 1275 2115 1307 Cancellario
2134 1286 2188 1316 per

267 1328 378 1361 Christi
399 1327 587 1359 sacerdotem
606 1325 726 1358 lacobi‘i
739 1326 915 1357 Montanum
930 1324 1119 1367 Spiriensem
1138 1327 1343 1365 nuncupatus.
1363 1322 1558 1362 111-8011101011
1578 1322 1602 1353 Μ
1614 1323 1654 1355 ,1)
1667 1322 1764 1355 ‚an
1782 1327 1814 1353 38
1827 1323 1951 1355 ffiffitter
1964 1323 1996 1354 in
2009 1326 2033 1354 S.
2051 1324 2141 1354 thitt
2153 1322 2185 1353 C.

570 1480 683 1554 425.
720 1506 798 1554 De
833 1505 1102 1555 nativitate
1139 1506 1252 1554 Iesu
1289 1504 1475 1555 Christi
1515 1502 1624 1552 Ode
1660 1501 1884 1551 tricolos.

377 1577 550 1638 AEterna
572 1602 693 1650 proles
714 1603 859 1640 aetherei
881 1602 995 1650 patris

377 1660 489 1696 nostri
512 1659 629 1707 figura
650 1660 814 1708 corporis
836 1659 949 1695 obsita

433 1717 457 1752 E
480 1723 603 1753 ventre
624 1717 750 1753 matris
772 1728 843 1752 non
866 1715 1003 1752 recluso

379 1774 503 1822 prodit
525 1780 561 1810 et
582 1780 709 1810 auctor
731 1773 828 1809 adest
849 1773 984 1809 salutis.

322 1858 341 1888 2
375 1851 488 1892 lllaesa
510 1855 659 1901 prorsus
680 1853 868 1901 virginitas
889 1859 1018 1903 manet,

377 1923 443 1946 nec
464 1910 570 1946 sentit
594 1909 700 1945 ullam
721 1910 936 1958 conspicuus
958 1910 1075 1958 pudor

434 1967 600 2003 Iniuriam
623 1967 707 2003 foedi
730 1967 871 2003 cruoris

378 2030 413 2060 et
435 2030 533 2060 vacat
555 2025 628 2072 11110
649 2024 775 2060 dolore
797 2029 935 2071 partus.

320 2108 341 2140 3
373 2101 540 2151 Pangunt
562 2115 710 2139 canoras
733 2103 883 2150 angelici
906 2104 1004 2139 chori

377 2161 519 2200 laudes,
541 2167 576 2196 et
597 2160 737 2208 hymnis
760 2161 828 2195 rite
850 2160 1061 2196 sonantibus

433 2219 547 2264 Reges
570 2217 650 2253 novi
673 2229 784 2253 cunas
805 2217 937 2252 heriles

378 2273 616 2322 fasciolasque
637 2274 762 2310 breves
784 2275 975 2310 honorant.

321 2359 341 2389 4
375 2353 533 2393 Cnrrunt
554 2355 712 2402 magistri
733 2353 885 2401 lanigeri
907 2353 1028 2401 gregis

378 2412 522 2447 admissa
545 2411 677 2447 mundo
701 2411 828 2459 gaudia
850 2411 990 2458 perdito

434 2468 592 2504 Cernunt
615 2468 733 2503 videre
754 2479 819 2516 per
842 2478 946 2515 quem
968 2467 1060 2503 salus
1082 2468 1133 2503 cst

378 2536 526 2573 remque
546 2526 642 2561 casas
664 2526 824 2561 referunt
845 2537 909 2572 per
932 2536 1067 2561 onmes.

322 2609 341 2641 ἵ)
375 2604 473 2644 Cessa
493 2604 631 2641 corusci
654 2604 816 2652 lampade
836 2604 972 2652 syderis

379 2662 483 2711 primi
506 2667 680 2697 vocantur
702 2662 965 2708 Christigenuni
987 2662 1107 2701 duces,

433 2720 501 2763 Qui
525 2719 648 2758 thure,
672 2718 816 2766 myrrha
839 2724 874 2753 et
896 2730 983 2754 auro
1005 2718 1154 2754 adorent

378 2776 413 2811 in
436 2775 574 2811 stabulo
598 2776 753 2823 positum
775 2780 971 2811 tonantem.

323 2860 342 2890 ὅ
376 2851 478 2893 Salve
499 2855 638 2890 dierum
660 2854 828 2895 maxime,
852 2855 912 2902 qni
936 2855 1020 2890 tulit

378 2912 482 2948 1101113
506 2917 560 2947 tot
581 2917 685 2948 aucto
708 2923 854 2947 munera
876 2912 1015 2947 foenore

435 2968 476 3003 Et
498 2968 618 3003 exules
641 2969 781 3016 sperare
802 2969 887 3005 fecit

380 3025 422 3060 ad
443 3026 588 3072 superas
610 3025 763 3061 reditum
785 3025 994 3073 phalanges.

323 3109 342 3140 7
375 3101 450 3143 Non
473 3104 589 3151 posset
608 3116 763 3152 unquam
785 3105 927 3152 dignius
949 3105 1046 3140 evehi

381 3167 506 3197 natura
528 3161 638 3196 nostri
661 3172 790 3197 cernua
812 3162 977 3209 eorporis

1412 1599 1481 1635 Nee
1503 1599 1658 1635 charitas
1678 1599 1772 1633 vires
1792 1597 1984 1645 stupendas

1357 1658 1488 1693 10111113
1510 1657 1686 1692 insinuare
1708 1655 1853 1690 mundo.

1300 1739 1321 1771 8
1354 1734 1382 1776 0
1406 1742 1529 1772 venter
1551 1735 1647 1771 omni
1669 1735 1777 1770 messe
1800 1735 1964 1775 feracior,

1355 1794 1487 1830 tellure
1508 1793 1641 1832 maior,
1664 1791 1772 1827 latior
1794 1803 1952 1839 aequore,

1412 1850 1575 1886 Diffusior
1595 1849 1681 1887 01010
1704 1854 1851 1897 patente

1356 1914 1391 1944 et
1412 1907 1629 1954 locupletior
1651 1906 1738 1942 orbe
1760 1910 1849 1941 toto.

1298 1991 1318 2024 O
1352 1985 1401 2027 Ex
1421 1993 1457 2023 te
1478 1986 1656 2023 bonorum
1678 1985 1813 2034 prodiit
1835 1985 1993 2021 omnium

1356 2046 1437 2081 sons
1459 2056 1499 2080 ac
1521 2044 1642 2090 origo,
1666 2042 1836 2090 quicquid
1857 2042 1990 2078 habent
2010 2042 2095 2078 boni

1411 2104 1504 2149 Opes
1526 2106 1677 2137 catervae
1699 2099 1908 2135 Christiana}

1356 2159 1505 2195 claustra
1527 2157 1642 2193 tulere
1663 2157 1715 2193 tui
1737 2156 1900 2205 pudoris.

1303 2241 1343 2273 10
1358 2236 1386 2278 0
1407 2239 1495 2274 fleta
1514 2237 1572 2273 (lio
1595 2237 1729 2272 viscera
1749 2235 1901 2275 flamine,

1355 2297 1391 2332 111
1414 2296 1493 2343 quis
1515 2294 1648 2330 amicus
1669 2292 1850 2342 plasmatis
1872 2298 1907 2328 et
1927 2292 1984 2328 dei

1411 2353 1467 2388 Fit
1489 2363 1620 2391 nexus,
1643 2356 1679 2386 et
1701 2350 1792 2386 miro
1815 2350 1935 2386 favore

1354 2409 1472 2447 czelica
1494 2407 1746 2444 consociantur
1766 2407 1858 2443 iniis.

1303 2492 1339 2525 11
1356 2485 1458 2528 Salve
1479 2487 1623 2535 superni
1644 2488 1762 2523 sancta
1784 2499 1867 2523 caro
1890 2487 2000 2527 ducis,

1356 2559 1435 2594 1111εο
1456 2545 1546 2581 labis
1568 2542 1695 2592 expers
1718 2555 1821 2580 omne
1843 2544 1959 2579 scelus
1980 2555 2096 2583 necas,

1413 2602 1541 2638 Urbem
1562 2613 1739 2649 repurgas
1760 2601 1964 2637 universum

1356 2666 1463 2707 atque
1484 2658 1603 2694 nutris
1625 2658 1761 2694 animos
1783 2658 1937 2706 piorum.

1302 2742 1341 2774 12
1357 2736 1421 2785 Qui
1445 2744 1477 2774 10
1499 2738 1618 2786 palato
1641 2738 1792 2786 percipit
1814 2737 1939 2773 intimo

1357 2796 1461 2831 vitam
1485 2794 1607 2830 salutis
1629 2800 1814 2843 perpetuae
1827 2786 1942 2841 capit,

1411 2854 1556 2899 Angore
1577 2863 1643 2888 nec
1664 2851 1767 2887 famis
1789 2856 1993 2899 praemetur‚

1355 2910 1437 2945 dum
1460 2909 1590 2956 globus
1612 2909 1790 2945 {ethereus
1812 2907 1980 2943 manebit.

1301 2992 1340 3024 13
1356 2986 1384 3027 0
1406 2988 1513 3035 digna
1534 2989 1668 3023 summo
1690 2993 1792 3036 patre
1811 2986 2025 3034 benignitas,

1356 3058 1375 3081 0
1398 3056 1454 3081 103
1476 3046 1623 3092 1101011111
1645 3055 1803 3091 congrua
1825 3043 1910 3083 filio,

1412 3104 1437 3137 (J
1459 3101 1604 3149 spiritus
1627 3113 1719 3149 opus
1742 3100 1885 3147 superni

1354 3158 1567 3194 conveniens
1590 3157 1680 3192 bene
1702 3156 1878 3193 charitati.
