2317 3534
436 371 476 403 15

435 935 480 967 ‘20

436 1502 480 1533 25

432 2068 476 2101 30

435 2634 479 2668 35

486 146 723 180 munatius
747 147 962 187 §onorius
989 147 1316 181 OElemffntinnus
1342 147 1617 188 :fortunatum

497 257 547 291 Ad
569 261 694 292 cantus
717 261 907 290 revocatur
927 267 1027 294 aves,
1051 268 1128 302 qua·
1149 257 1305 292 carmine
1327 257 1445 293 clauso

495 313 636 360 pigrior
657 311 816 359 hyberno
841 311 975 358 frigore
997 317 1093 347 muta
1116 313 1195 348 suit.

498 369 587 404 Hinc
607 367 800 416 philomela
823 368 895 403 suis
918 373 1134 416 attemperat
1156 380 1290 416 organa
1312 371 1445 409 cannis,

496 426 607 472 sitque
629 425 836 472 repercusso
858 424 998 459 dulcior
1019 436 1102 460 aura
1125 425 1229 461 melo.

496 481 584 517 Eece
607 481 822 516 renascentis
847 483 997 516 testatur
1018 481 1132 527 gratia
1154 482 1288 521 mundi,

497 538 615 573 onmia
636 549 715 573 cnm
739 537 882 573 domino
905 537 998 573 dona
1020 538 1149 573 redisse
1172 539 1247 573 suo.

495 593 653 642 Namque
677 594 910 641 triumphanti
933 594 1012 642 post
1035 594 1146 629 tristia
1170 600 1303 630 tartara
1324 595 1462 631 Christo

497 650 654 698 nudique
675 651 801 686 sronde
823 663 966 690 nemus,
990 651 1148 697 gramina
1171 652 1258 686 llore
1281 652 1410 687 favent.

496 707 651 754 Legibus
674 707 804 743 inserni
828 708 1023 755 oppressis,
1046 708 1152 755 super
1174 708 1265 743 astra
1288 714 1462 745 meantem

498 763 642 799 laudant
664 764 733 799 rite
755 764 859 799 deum
880 763 959 804 lux,
982 763 1109 811 polus,
1134 776 1231 804 arva,
1256 764 1401 800 sretum.

497 819 563 863 Qui
585 820 773 857 crucifixus
795 826 890 860 erat,
914 821 1018 859 deus,
1042 832 1123 856 ecce
1145 832 1210 868 per
1232 822 1348 856 omnia
1371 828 1509 869 regnat,

499 877 657 924 dantque
678 877 833 913 creatori
853 883 982 913 cuncta
1003 883 1121 912 creata
1144 889 1298 924 precem.

502 933 620 974 Salve,
644 934 732 969 sesta
753 934 849 974 dies,
874 939 952 969 toto
974 933 1189 969 venerahilis
1209 946 1295 974 zevo,

497 1001 566 1037 qua
587 990 674 1026 deus
696 990 875 1026 infernum
897 991 979 1026 vicit
1001 996 1036 1026 et
1058 991 1150 1026 astra
1172 996 1280 1026 tenet.

496 1046 670 1082 Nobilitas
692 1047 793 1087 anni,
816 1048 988 1083 mensium
1009 1047 1134 1087 decus,
1159 1047 1246 1084 alma
1268 1048 1419 1087 dierum,

496 1103 665 1139 horarum
687 1103 874 1151 splendor,
898 1098 1063 1151 scrupula
1084 1110 1214 1151 puncta
1238 1105 1372 1140 fovens.

499 1160 588 1196 Hinc
609 1159 673 1195 tibi
695 1160 788 1208 sylva
809 1161 941 1200 comis,
965 1161 1047 1196 hinc
1067 1160 1206 1208 plaudit
1226 1173 1372 1209 campus
1393 1162 1521 1201 aristis,

498 1216 581 1252 hinc
602 1223 740 1264 grates,
765 1218 874 1253 tacito
897 1217 1063 1265 palmite,
1088 1218 1168 1252 vitis
1190 1219 1276 1265 agit.

497 1273 534 1309 Si
556 1273 621 1309 tibi
642 1285 735 1309 nunc
757 1275 870 1310 avium
893 1276 1034 1309 resonat
1056 1274 1209 1321 virgulta
1233 1276 1386 1315 susurro,

498 1330 560 1365 has
582 1330 676 1365 inter
697 1331 864 1366 minimus
886 1332 1020 1378 passer,
1043 1343 1164 1366 amore
1185 1343 1285 1367 cano.

498 1387 653 1426 Christe,
677 1386 768 1422 salus
791 1399 931 1427 rerum,
955 1387 1046 1423 hone
1069 1388 1236 1423 conditor
1258 1394 1365 1436 atque
1390 1389 1606 1436 redemptor,

498 1444 602 1479 unica
624 1444 816 1491 progenies
838 1456 880 1479 ex
901 1444 1033 1479 deitate
1055 1445 1181 1492 patris.

502 1500 772 1535 lrrecitabiliter
793 1512 939 1536 manans
960 1501 1002 1536 de
1025 1501 1131 1537 corde
1153 1502 1326 1549 parentis,

495 1556 642 1592 verbum
665 1557 854 1593 subsistens
877 1563 912 1592 et
933 1563 1122 1605 penetrare
1143 1564 1286 1605 potens.

497 1612 687 1661 Aequalis,
711 1625 882 1654 concors,
907 1614 1039 1654 socius,
1063 1627 1143 1650 cum
1166 1621 1268 1662 patre
1291 1626 1441 1655 emerus,

499 1682 571 1718 quo
595 1671 739 1719 sumpsit
760 1671 913 1706 mundus
936 1671 1097 1719 principe
1118 1671 1348 1720 principium.

498 1726 650 1763 Aethera
672 1728 873 1775 suspendis,
898 1727 969 1763 sola
991 1728 1178 1775 congeris,
1203 1740 1350 1776 aequora
1372 1729 1503 1768 fundis,

498 1795 651 1832 quaeque
672 1783 761 1820 locis
784 1784 961 1825 habitant,
986 1796 1056 1832 quo
1080 1785 1288 1821 moderante
1310 1786 1442 1832 vigent.

495 1834 563 1884 'Qui
586 1852 700 1887 genus
720 1841 913 1877 humanum
934 1853 1085 1877 cernens
1107 1843 1258 1877 mersum
1281 1843 1352 1878 esse
1375 1842 1569 1890 profundo,

497 1902 536 1932 ut
557 1897 734 1932 hominem
757 1898 934 1946 eriperes,
957 1910 995 1934 es
1018 1910 1163 1946 quoque
1184 1899 1300 1934 sactus
1322 1899 1443 1935 homo.

495 1953 566 1989 Nec
587 1953 727 1989 voluisti
749 1956 882 1990 etenim
906 1961 1042 1990 tantuin
1066 1960 1099 1990 te
1119 1967 1275 2003 corpore
1298 1956 1403 1996 nasei,

496 2010 555 2045 sed
577 2022 660 2045 caro
684 2022 762 2058 qua]
785 2012 876 2047 nasci
899 2011 1049 2060 pertulit
1071 2017 1180 2060 atque
1202 2012 1306 2047 mori.

497 2067 646 2102 Funeris
667 2069 835 2115 exequias
856 2068 1008 2116 pateris,
1032 2070 1111 2103 vitaz
1135 2074 1261 2104 auctor
1282 2076 1317 2105 et
1339 2069 1448 2109 orbis,

497 2123 634 2159 intrans
655 2125 783 2159 mortis
805 2125 891 2165 iter,
914 2125 1029 2160 dando
1053 2126 1175 2161 salutis
1197 2137 1314 2173 opem.

498 2180 625 2215 Tristia
645 2181 824 2216 cesserunt
845 2181 992 2217 insernae
1012 2182 1153 2217 vincula
1174 2182 1278 2230 legis,

497 2237 708 2285 expavitque
729 2238 836 2274 chaos
859 2237 1002 2274 luminis
1025 2251 1086 2275 ore
1110 2239 1236 2287 premi.

495 2293 695 2341 Depereunt
717 2295 873 2331 tenebrae
894 2295 1022 2330 Christi
1044 2295 1187 2343 fulgore
1209 2296 1354 2343 fugatae,

497 2355 533 2385 et
554 2355 660 2386 terrae
682 2351 800 2387 noctis
822 2351 928 2399 pallia
949 2354 1061 2388 crassa
1081 2353 1224 2388 cadunt.

496 2405 696 2443 Pollicitam
717 2408 775 2443 sed
797 2409 904 2444 redde
928 2408 1047 2449 sidem,
1071 2421 1217 2457 precor,
1240 2409 1330 2445 alma
1352 2410 1520 2458 potestas

497 2463 604 2499 tertia
624 2463 684 2499 lux
705 2465 828 2505 rediit,
851 2467 955 2511 surge
979 2466 1113 2513 sepulte
1135 2478 1246 2501 meus.

497 2519 574 2555 Non
595 2520 718 2561 decet,
740 2527 780 2557 ut
802 2521 925 2557 humili
951 2523 1089 2558 tumulo
1114 2529 1173 2559 tua
1195 2522 1353 2559 membra
1377 2528 1556 2569 tegantur,

498 2587 567 2612 neu
589 2577 747 2624 precium
770 2579 889 2613 mundi
912 2578 993 2614 vilia
1014 2580 1091 2615 saxa
1114 2585 1288 2627 premant.

500 2632 685 2680 Indignum
707 2635 776 2675 est,
798 2635 899 2671 cuius
919 2636 1137 2671 claluluntur
1157 2642 1284 2672 cuneta
1306 2636 1457 2684 pugillo,

498 2694 537 2724 ut
559 2695 658 2737 tegat
679 2690 866 2731 inclusum,
889 2703 978 2740 rupe
1001 2699 1157 2732 vetante,
1180 2693 1282 2741 lapis.

498 2745 621 2782 Lintea
643 2746 746 2787 tolle,
769 2760 917 2795 precor,
943 2749 1077 2784 sudaria
1099 2749 1221 2797 linque
1243 2749 1443 2797 sepulchro,

501 2808 536 2837 tu
560 2803 642 2838 satis
664 2815 702 2839 es
723 2804 826 2840 nobis
841 2833 848 2845 ,
871 2812 906 2840 et
926 2805 999 2841 sine
1022 2812 1056 2841 te
1078 2806 1166 2841 nihil
1189 2808 1250 2841 est.

498 2858 601 2895 Solve
620 2865 802 2896 catenatas
823 2861 951 2897 inserui
972 2863 1127 2898 carceris
1149 2863 1302 2901 umbras,

497 2921 532 2950 et
554 2927 679 2952 revoca
701 2918 833 2953 sursum
856 2919 1028 2966 quidquid
1050 2919 1092 2954 ad
1116 2919 1182 2954 ima
1206 2920 1289 2954 ruit.

499 2972 615 3007 Redde
639 2978 734 3009 tuam
756 2974 899 3019 faciem,
922 2976 1061 3010 videant
1087 2982 1122 3011 ut
1147 2975 1261 3011 secula
1285 2974 1413 3013 lumen.

497 3028 604 3064 redde
625 3029 735 3069 diem,
758 3031 817 3078 qui
840 3037 922 3071 nos,
947 3038 980 3067 te
1002 3033 1196 3069 moriente.
1222 3032 1324 3077 sugit.

498 3084 564 3120 Sed
587 3084 690 3132 plane
713 3087 863 3135 implesti
886 3100 1065 3128 remeans,
1089 3089 1146 3136 pie
1169 3090 1298 3126 vietor.
1322 3088 1362 3124 ad
1389 3087 1524 3129 orbem,

498 3147 630 3178 tartara
653 3144 767 3190 pressa
789 3144 920 3183 iacent,
944 3156 1007 3181 nec
1031 3146 1088 3180 sua
1111 3146 1186 3181 iura
1212 3151 1344 3180 tenent.

166 3205 374 3248 Qndeiiiiigel,
395 3209 580 3240 Rircbcnlieb.
600 3210 622 3237 1.

1956 152 2008 190 65
