2317 3534
336 147 414 185 '286

395 256 412 284 2
447 248 624 297 Principis
646 260 766 284 reruni
790 248 959 295 sapientis
982 246 1134 293 implens

448 319 594 342 munus,
618 312 789 342 wternuin
814 304 876 339 sibi
901 309 1133 349 congruente,

502 362 679 410 Quidquid
702 364 737 397 in
759 372 878 396 reruni
901 361 1038 408 gremio
1061 359 1188 396 creasti

445 420 523 467 lege
545 420 735 467 gubernas.

389 502 408 534 3
442 497 571 538 Erudis
593 504 729 534 mentes
753 498 933 533 hominum
957 495 1098 543 piorum

447 556 537 591 lidus
559 557 697 591 assei-tte
721 555 878 589 monitor
900 552 1032 591 salutis,

502 612 611 655 Quam
637 618 719 647 tuus
741 610 843 646 nobis
865 611 1014 658 proprio
1038 608 1187 645 redemit

447 670 615 717 sanguine
637 674 752 704 natus.

1054 135 1265 175 gononum
1291 136 1518 176 §tinctio-⁵.

1994 135 2064 167 Nrn,
2090 139 2246 167 -lss-—lsfk

1367 249 1387 279 4
1420 242 1459 283 Et
1485 251 1584 293 patei·
1606 244 1760 279 lustrans
1781 244 1964 279 hominum
1987 243 2127 279 labores

1421 308 1546 337 cuncta
1570 306 1710 336 maturo
1733 300 1892 336 cumulas
1916 300 2045 335 favore.

1478 358 1553 402 Qua
1576 363 1660 393 tuus
1681 369 1825 405 campos
1847 356 1972 392 oculus
1995 358 2145 397 serenat,

1422 416 1536 450 omnia
1560 415 1702 449 lloront.

1365 496 1384 527 5
1417 490 1477 531 llis
1500 493 1602 529 bonis
1624 505 1729 540 ergo,
1752 493 1860 532 deus,
1882 498 1921 528 ut
1944 493 2104 528 sruainur

1421 556 1455 585 et
1478 550 1543 585 lide
1565 562 1653 598 pura
1678 550 1739 585 tihi
1762 560 1961 597 pareamus,

1478 607 1528 642 'l'u
1552 618 1652 642 inore
1674 608 1814 642 nostras
1835 605 2025 654 patrioque
2047 609 2136 640 nutu

1290 364 1291 378 l

1290 463 1291 487 l

1289 620 1291 661 l

1288 673 1291 692 ι
1420 663 1536 710 dirige
1562 669 1711 699 mentes.

334 760 371 790 C:
392 759 568 790 Pon-niatuin
587 758 712 790 loannis
731 757 849 795 Stigelii
869 756 948 787 liber
965 756 986 786 1.
1009 755 1090 786 letne
1108 759 1182 785 1571.
1202 760 1227 784 ἢ.
1246 755 1335 785 ffitatt
1355 753 1376 783 Ι)
1395 750 1433 781 5¹¹
1478 754 1556 784 Qerss
1574 756 1618 785 -l.3
1636 762 1693 792 qua
1712 756 1779 782 tuos
1798 760 1923 792 campos
1942 751 2060 781 oculus.

934 892 1046 937 488.
1083 887 1312 937 Psahnus
1351 885 1636 936 CXXVIII.

966 971 1108 1010 Beatus
1139 970 1205 1020 qui
1237 970 1374 1007 tinient
1404 968 1616 1006 dominum.

445 1052 597 1114 Beatus
620 1077 678 1113 ille
702 1077 761 1124 qui
784 1076 888 1111 donin
911 1076 1067 1122 nogotiis

446 1137 479 1170 in
502 1134 666 1170 omnibus
689 1145 772 1169 vero
796 1132 882 1168 colit
906 1134 1046 1172 timore,

445 1192 483 1226 Et
507 1194 583 1227 eius
607 1191 639 1226 in
663 1190 819 1237 vestigiis

445 1249 615 1283 innnotus
638 1248 859 1282 innnoratur.

387 1331 406 1361 ’ὗ

439 1324 575 1366 Labore
597 1326 701 1363 laetus
724 1326 953 1373 obsequentis
974 1324 1142 1363 dexterfe,

444 1386 556 1432 partis
578 1384 724 1419 honeste
746 1382 944 1419 commodis
967 1381 1110 1421 frueris,

443 1442 622 1489 Bonisque
645 1440 786 1477 cunctis
808 1439 955 1479 adfines,

443 1497 533 1533 bene
555 1510 593 1534 ac
616 1498 718 1534 beate
739 1499 845 1533 vives.

387 1580 406 1611 3
440 1573 483 1616 [t
505 1576 620 1626 ampla
643 1577 725 1613 vitis
748 1576 864 1612 uvulis
887 1573 1103 1611 lactentibus

444 1634 716 1681 illustribusque
737 1633 963 1681 splendicans
985 1629 1177 1678 corymbis,

442 1691 588 1726 Plenum
611 1691 746 1739 leporis
766 1692 876 1726 viuere

445 1748 541 1783 addit
562 1748 670 1784 decus
693 1748 839 1782 virenti:

387 1830 407 1860 4
440 1823 497 1865 Sic
521 1827 687 1875 pulchra,
710 1827 757 1861 sic
780 1825 962 1863 ssecnnda,
987 1824 1036 1859 sic
1056 1823 1216 1859 amabilis

443 1886 616 1923 coniunx,
640 1882 779 1919 amabili
801 1882 902 1917 beata
926 1880 1038 1928 prole,

445 1940 587 1976 Omnem
611 1940 848 1976 cohonestans
869 1938 1015 1973 domuin

444 1997 552 2033 docus
575 1997 639 2033 tihi
661 1996 810 2044 parabit.

387 2080 407 2109 5
441 2072 541 2115 Sicut
565 2075 712 2112 tenellas
734 2075 804 2111 late
826 2075 859 2110 in
883 2073 1004 2109 orbem
1026 2071 1207 2120 plantulas

446 2133 592 2169 virentis
615 2131 768 2180 explicat
789 2142 919 2179 parens
941 2129 1056 2169 olivae,

333 2224 353 2255 C
373 2226 461 2256 Qum
480 2225 502 2253 t}
521 2228 546 2253 3.
574 2224 660 2254 -Qetss
678 2226 721 2252 3.1
741 2221 840 2251 mulis
858 2222 1038 2260 (Suffigas

1288 1050 1291 1099 i
1421 1072 1543 1116 Qualis
1566 1071 1660 1119 iugis
1683 1072 1716 1107 in
1739 1070 1859 1106 arduis

1420 1128 1612 1165 'Nabathaea
1633 1128 1702 1164 sert
1722 1128 1852 1163 Idume.

1363 1210 1384 1242 G
1417 1205 1546 1246 Tecum
1571 1209 1621 1244 tui
1643 1207 1836 1243 assidentes
1858 1206 1959 1242 liberi

1420 1265 1569 1313 pulchre
1586 1265 1730 1312 integri,
1753 1263 1974 1312 pulchreque
1991 1262 2247 1310 germinantes,

1420 1322 1569 1358 Mensam
1591 1327 1688 1358 tuam
1710 1320 1924 1369 pulcerrima

1419 1379 1678 1415 circundahant
1699 1389 1845 1414 corona.

1363 1461 1382 1491 7
1416 1454 1475 1496 Sic
1496 1471 1514 1494 a
1536 1458 1601 1494 (leo
1623 1457 1749 1494 heatus
1772 1456 1887 1493 omnis
1910 1455 2046 1495 adfluit,

1420 1526 1503 1550 vero
1525 1515 1631 1550 deum
1654 1514 1715 1562 qui
1736 1513 1856 1561 diligit
1878 1513 2017 1553 timore,

1420 1571 1580 1619 Eumque
1602 1576 1700 1607 recte
1722 1572 1757 1606 in
1780 1570 1853 1606 filio

1422 1628 1582 1676 agnoscit
1604 1633 1639 1664 et
1662 1633 1814 1663 veretur.

1364 1710 1384 1741 S
1416 1704 1528 1746 Bonis
1550 1707 1637 1743 deus
1661 1712 1694 1743 te
1716 1705 1942 1755 prosperabit
1962 1704 2128 1741 omnibus

1420 1764 1543 1800 salutis
1565 1775 1645 1800 arce
1666 1764 1790 1811 largus
1812 1761 1994 1809 ex·Sione,

1420 1821 1600 1857 Florentis
1621 1826 1661 1856 ut
1683 1820 1836 1868 Solymae
1856 1819 1966 1855 decus

1420 1878 1524 1914 laetus
1546 1877 1665 1913 videre
1687 1877 1810 1925 possis.

1363 1960 1383 1992 9
1416 1954 1602 2005 Nunquam
1624 1968 1749 1992 carens
1772 1955 1893 2002 egebis
1915 1953 2025 1990 ullius
2047 1953 2142 1993 boni,

1422 2014 1517 2061 quod
1539 2014 1581 2049 ad
1603 2013 1752 2049 salutem
1774 2011 1931 2060 pertinet
1953 2009 2119 2051 volentis,

1422 2071 1605 2117 Tuamque
1627 2071 1839 2117 progeniem
1862 2069 1965 2103 senex

1420 2138 1500 2163 cum
1523 2127 1653 2174 gaudio
1677 2126 1822 2162 videbis.

789 2356 903 2403 489.
941 2354 1123 2402 Preces
1167 2369 1196 2399 a
1236 2350 1434 2400 Christo
1471 2349 1794 2415 praescriptae.

444 2447 575 2509 AL'tor
598 2486 617 2509 o
640 2474 770 2509 nostrie
793 2473 880 2508 deus
901 2472 992 2508 alme
1014 2471 1108 2510 vitai,

445 2530 503 2578 qni
527 2536 629 2578 pater
649 2530 782 2577 gaudes
804 2529 989 2565 hominum
1011 2527 1167 2576 probari,

500 2588 611 2630 Quem
633 2598 744 2634 penes
761 2586 875 2622 solum
897 2586 948 2621 est
968 2584 1071 2620 nitidi
1093 2583 1251 2631 potestas

444 2644 592 2679 maxima
613 2643 702 2679 caeli.

390 2725 409 2755 2
443 2718 543 2760 Sient
564 2722 706 2769 agnosci
727 2722 830 2770 cupis
852 2727 888 2757 et
908 2721 1041 2760 vocari,

446 2780 491 2815 sic
513 2780 599 2815 doce
622 2780 763 2815 nostros
786 2779 942 2818 animos,
968 2783 1139 2823 tuumque

502 2837 546 2871 lla
567 2836 662 2871 eolat
684 2848 766 2872 vero
789 2835 975 2871 celebrans
998 2835 1134 2869 honore

447 2892 560 2937 gloria
582 2904 724 2928 numen.

390 2973 409 3005 3
443 2967 491 3008 'l'u
517 2977 614 3006 tuum
640 2973 671 3007 in
694 2971 817 3011 nohis,
839 2971 934 3006 vitiis
957 2970 1116 3007 remotis,

447 3028 571 3063 inchoa
594 3040 760 3074 ref-(nuni,
784 3027 936 3075 fideique
958 3031 1070 3073 ceptae

501 3084 637 3132 Spiritu
660 3085 761 3120 laetas
783 3089 974 3120 renovante
996 3087 1133 3118 mentes

447 3141 598 3188 suggere
621 3143 724 3177 vires.

1364 2471 1383 2501 4
1416 2464 1483 2508 lla,
1508 2467 1570 2503 tibi
1592 2472 1720 2515 parent
1740 2466 1849 2501 veluti
1871 2464 1965 2500 beati

1421 2524 1573 2564 caelites,
1595 2524 1717 2559 nostra
1740 2523 1802 2559 tibi
1826 2527 1900 2558 tota
1922 2521 2003 2556 vitae

1473 2581 1622 2617 Praestet
1642 2581 1676 2615 in
1700 2580 1807 2615 terris
1828 2578 1920 2614 ratio
1944 2578 2119 2614 timorem.

1419 2638 1564 2685 praestet
1585 2638 1770 2673 honorem.

1363 2719 1383 2749 5
1418 2714 1589 2754 Consecra
1610 2716 1708 2752 mitis
1730 2715 1824 2751 hona
1846 2725 1925 2762 quae
1947 2712 2073 2750 creasti

1420 2775 1454 2809 in
1475 2774 1569 2819 dies,
1595 2784 1747 2820 quornm
1772 2771 1908 2818 indiget
1928 2771 2031 2809 usus,
2055 2774 2089 2804 et
2111 2780 2190 2816 quae

1475 2830 1614 2877 Optime
1636 2829 1744 2865 rebus
1766 2827 1963 2874 studiisque
1984 2825 2116 2861 nostris
2187 2820 2190 2823 ’

1418 2886 1605 2922 commoda
1626 2885 1730 2921 nosti.

1363 2967 1383 2999 6
1416 2961 1557 3003 Pectori
1580 2965 1694 3012 culpae
1714 2964 1850 3005 veniam
1872 2961 2006 2997 dolenti

1419 3023 1480 3061 da,
1504 3027 1622 3069 pater,
1647 3022 1797 3057 fractum
1819 3018 1988 3066 siquidem
2012 3017 2138 3053 dolore

1475 3079 1519 3114 Ut
1540 3078 1640 3114 iubes
1662 3088 1771 3113 noxas
1794 3076 1871 3111 aliis
1893 3075 2091 3113 remittens,

1420 3135 1568 3170 crimina
1589 3135 1708 3170 donat.
