2317 3534
259 150 285 217 ite

288 150 328 217 :10

346 258 362 287 2
396 250 483 291 Ecce
507 254 580 287 {luit
605 254 882 300 circumquaque

399 321 502 344 maim
528 315 584 344 tua
607 309 649 343 de
672 315 824 356 utraque

398 366 540 410 sanguis
563 372 646 400 tuus
667 366 818 413 copiose.

400 421 620 457 rubicundus
644 423 752 457 instar
774 423 874 458 rosan

397 490 533 523 magna·
559 477 678 513 saliuis
701 479 864 526 pretium.

398 531 524 572 Manus
546 534 653 570 claris
675 535 889 582 lwrl'oratas‘

397 598 428 626 et
452 602 580 626 cruore
602 597 818 639 [burlun-atas

397 647 494 683 cordi
518 658 640 694 premo
664 660 736 695 pra*r
760 659 891 688 amore,

397 703 573 739 sitilmndo
596 703 720 739 bibens
743 716 816 743 ore,

397 761 535 796 cruoris
558 759 786 797 stillicidium.

342 844 347 868 ἰ
394 837 422 878 0
447 850 551 887 quam
574 839 672 886 large
696 846 729 876 te
752 842 911 888 exponis.

397 903 586 944 promptus
608 895 708 931 malis
730 903 837 944 atquc
860 897 972 934 lionis,

398 953 510 988 trahis
532 953 674 999 pigros,
698 954 776 1000 pios
799 964 903 988 vocas

397 1016 429 1044 et
454 1010 488 1044 in
512 1010 582 1044 tuis
604 1009 698 1044 ulnis¹
720 1010 817 1045 locas

397 1072 542 1113 paratus
564 1067 675 1112 gratis
698 1066 874 1101 omnibus.
910 1083 915 1089 ·

395 1119 483 1161 Ecce
507 1122 568 1156 nbi
592 1133 646 1157 me
668 1124 842 1170 pra‘sento

395 1179 578 1214 vulnerato
602 1184 634 1213 et
658 1185 818 1217 cruento,

395 1236 532 1282 semper
555 1236 660 1282 aegris
682 1236 870 1273 misereris.

395 1292 437 1326 de
459 1302 512 1326 me
533 1303 619 1338 ergo
642 1302 684 1327 ne
707 1292 877 1339 graveris,

395 1349 455 1395 qui
478 1350 608 1395 praesto
631 1360 669 1384 cs
691 1348 903 1384 amantibus.

896 143 919 183 Β
930 153 944 176 ι“
954 154 968 176 ι·
980 153 999 176 ιι
1011 147 1026 179 b
1037 153 1053 177 n
1065 148 1103 177 rb
1130 153 1205 178 uun
1233 145 1353 178 cluit·
1363 155 1380 179 u
1390 155 1407 187 n
1419 156 1438 179 ιι
1451 155 1475 178 r.
1985 148 2056 178 Nro.

1320 259 1338 288 -1
1374 252 1410 293 Ιιι
1434 255 1498 290 liae
1519 266 1623 290 cruce
1645 255 1691 290 sie
1712 256 1875 290 extensus

1376 311 1408 345 in
1431 317 1464 346 te
1486 322 1585 346 meos
1608 311 1708 346 trahe.
1728 312 1858 351 sensns,

1377 379 1492 402 mcum
1516 368 1631 415 posse,
1654 367 1758 406 velle.
1782 368 1869 403 scire

1376 424 1472 459 cruci
1498 430 1568 459 111ae
1591 424 1646 460 sac
1667 424 1807 463 servii-c,

1375 491 1428 514 me
1453 480 1522 515 tuis
1544 486 1625 528 apta
1646 480 1810 516 brachiis.

1372 533 1408 574 ln
1434 542 1502 571 tam
1525 536 1593 572 lata
1616 537 1763 573 caritate

1376 593 1475 627 trahe
1496 604 1551 628 me
1574 593 1608 628 in
1630 593 1791 632 veritate,

1375 654 1525 696 propter
1548 655 1643 685 tuam
1666 661 1808 686 crucem
1830 648 1956 685 almam

1376 705 1475 740 tralie
1496 717 1551 741 me
1573 706 1614 742 ad
1636 707 1753 742 crucis
1775 706 1938 754 palmam,

1375 762 1462 797 dans
1484 761 1588 798 finem
1611 763 1699 798 meis
1721 763 1825 798 vitiis.

1317 843 1336 873 ἴ)
1359 837 1497 891 ‚Manus
1519 842 1665 881 sanctae,
1688 853 1751 877 vos
1771 841 1992 889 complector

1374 903 1408 933 ct
1430 898 1604 943 gemendo
1627 897 1867 936 condelector.

1373 960 1495 1001 grates
1517 965 1584 1002 ago
1607 954 1723 1002 plagis
1748 955 1866 993 tantis,

1373 1011 1481 1047 clavis
1503 1011 1608 1051 diris,
1632 1012 1744 1059 guttis
1767 1011 1908 1050 sanctis,

1372 1067 1459 1102 dans
1481 1067 1645 1103 lacrimas
1667 1079 1746 1104 cmn
1769 1067 1908 1104 osculis.

1371 1121 1410 1162 ln
1431 1135 1561 1160 cruore
1584 1130 1643 1159 tuo
1666 1124 1778 1160 lotum

1372 1192 1428 1216 me
1449 1181 1656 1216 commendo
1675 1181 1737 1216 tibi
1761 1186 1887 1220 totum,

1374 1243 1443 1273 tuae
1466 1238 1595 1273 sancta:
1617 1248 1743 1273 manns
1765 1238 1841 1272 istae

1372 1305 1427 1329 me
1450 1293 1658 1333 defendant,
1681 1294 1755 1329 lesu
1777 1294 1923 1333 Christe,

1373 1351 1539 1386 extremis
1561 1351 1596 1386 in
1618 1349 1799 1398 periculis.

969 1485 1061 1525 189.
1094 1485 1192 1531 (IV.)
1217 1486 1277 1521 Ad
1295 1486 1406 1521 lalus.

394 1557 515 1620 SAlve
537 1585 631 1625 lesu,
655 1586 787 1620 summe
809 1584 937 1622 bonus.

394 1641 436 1676 ad
458 1642 675 1688 parcendum
697 1642 803 1677 nimis
825 1653 972 1689 pronus,

395 1697 551 1733 membra
573 1704 634 1734 tua
655 1698 843 1735 macilenta

396 1766 500 1801 quam
522 1754 648 1790 acerbe
669 1756 749 1790 suut
770 1755 920 1791 distenta

394 1811 428 1845 in
451 1822 548 1846 ramo
571 1812 688 1847 crucis
710 1812 857 1847 torrida.

394 1863 496 1905 Salve
517 1867 611 1903 latus
632 1867 828 1907 salvatoris,

395 1926 429 1959 m
453 1935 523 1971 quo
546 1924 633 1960 latet
654 1924 722 1959 mel
744 1924 912 1964 dulcoris,

395 1981 430 2015 in
452 1992 523 2028 quo
547 1986 644 2028 patet
666 1982 717 2016 vis
740 1982 882 2021 amoris,

395 2048 435 2072 ex
457 2049 528 2085 quo
550 2038 662 2074 scatet
683 2038 764 2073 sons
786 2039 937 2078 cruoris,

395 2094 455 2141 qui
478 2094 584 2129 eorda
607 2094 697 2129 lavat
720 2094 870 2130 sordida.

338 2176 357 2205 2
391 2169 480 2211 Ecce
504 2173 564 2208 tibi
587 2174 851 2221 appropinquo,

394 2240 519 2277 parce,
543 2230 633 2269 lesu,
657 2230 681 2265 si
704 2229 886 2278 delinquo,

394 2286 591 2322 verecunda
613 2286 755 2334 quidem
778 2287 907 2327 fronte,

397 2349 513 2378 tamen
535 2344 577 2379 ad
601 2349 634 2378 te
655 2345 732 2378 veni
755 2344 882 2391 sponte

394 2401 544 2436 scrutari
569 2406 627 2436 tua
649 2400 806 2436 vulnera.

394 2451 497 2494 Salve
518 2458 613 2492 mitis
635 2463 814 2504 apertura,

395 2514 436 2548 dc
459 2525 527 2560 qua
549 2515 645 2548 venit
667 2524 753 2548 vena
776 2526 883 2561 pnra;

395 2575 498 2617 porta
520 2576 644 2617 patens
666 2575 701 2605 et
723 2571 912 2618 profunda,

396 2628 500 2673 snper
521 2628 633 2662 rosam
656 2626 864 2667 rubicunda,

396 2682 531 2718 medela
554 2683 746 2719 salutifera.

339 2763 346 2790 ἴ
394 2758 492 2799 Odor
515 2767 598 2797 tims
620 2762 726 2810 snper
748 2764 877 2802 vinum,

396 2818 491 2852 viriis
514 2818 650 2865 pellens
672 2819 926 2867 serpentinmn‚

396 2879 503 2921 potus
528 2880 609 2909 tuus
631 2880 740 2922 potus
763 2877 860 2911 vitm:

396 2931 454 2977 qui
478 2931 602 2970 sititis,
626 2931 694 2966 lmc
717 2930 850 2967 venite!

398 2992 430 3021 tc
452 2986 553 3023 dulce
575 2987 701 3022 vulnus
723 2989 840 3036 aperi!

1373 1583 1482 1633 Plaga
1502 1586 1635 1623 rubens
1657 1588 1795 1635 aperire

1375 1643 1430 1679 sac
1450 1654 1513 1679 cor
1534 1655 1651 1680 meum
1672 1648 1707 1679 te
1728 1644 1858 1680 sentire

1338 1710 1340 1712 ·
1373 1700 1443 1735 sive
1465 1710 1520 1735 me
1540 1700 1576 1735 in
1598 1705 1633 1736 te
1655 1700 1815 1740 transire,

1374 1756 1499 1791 vellem
1523 1762 1621 1793 totus
1643 1758 1806 1797 introire,

1372 1813 1527 1861 pulsanti
1549 1813 1664 1861 pande
1685 1816 1844 1862 pauperi.

1316 1896 1336 1926 4
1369 1889 1440 1931 Ore
1461 1903 1540 1929 meo
1563 1897 1597 1928 te
1619 1894 1801 1941 contingo,

1374 1951 1407 1985 in
1432 1954 1465 1984 te
1486 1961 1549 1985 cor
1570 1961 1688 1985 meum
1711 1950 1862 1997 intingo,

1374 2012 1407 2041 te
1431 2006 1598 2042 ardenter
1620 2007 1662 2042 ad
1684 2018 1739 2041 mc
1762 2007 1910 2054 stringo,

1375 2068 1407 2098 te
1429 2063 1567 2099 ardenti
1588 2063 1694 2099 corde
1716 2063 1828 2109 lingo,

1372 2130 1428 2155 me
1450 2121 1622 2155 totum‘in
1646 2125 1680 2156 te
1704 2121 1846 2156 traiicel

1316 2190 1321 2197 ·
1373 2174 1401 2215 θ
1424 2188 1529 2224 quam
1551 2176 1667 2212 dulcis
1689 2178 1794 2224 sapor
1815 2177 1896 2212 iste!

1373 2234 1432 2280 qni
1456 2238 1489 2268 te
1510 2233 1646 2280 gustat,
1668 2233 1742 2268 Iesu
1764 2233 1909 2273 Christe,

1374 2296 1434 2325 tuo
1457 2289 1573 2325 victus
1595 2302 1613 2325 a
1635 2289 1781 2326 dulcore

1372 2347 1462 2382 mori
1484 2346 1600 2394 posset
1621 2358 1697 2393 prae
1719 2357 1839 2382 amore

1373 2409 1407 2438 te
1429 2414 1538 2438 unmn
1560 2413 1681 2438 amans
1704 2402 1819 2439 unice.

1318 2484 1331 2498 ·'
1370 2480 1409 2522 ln
1432 2482 1496 2518 liae
1517 2481 1607 2517 fossa
1628 2493 1684 2517 me
1710 2482 1876 2521 reconde,

1374 2539 1466 2574 inser
1487 2549 1605 2573 menn]
1627 2550 1691 2574 eor
1710 2538 1898 2586 profunde,

1373 2595 1433 2631 ubi
1456 2597 1574 2631 iacens
1596 2595 1782 2631 incalescat

1373 2657 1408 2687 et
1429 2653 1463 2687 in
1478 2663 1573 2700 pace
1593 2652 1832 2699 conquiescat,

1372 2720 1437 2744 nec
1458 2708 1604 2756 prorsus
1626 2719 1839 2756 quemquam
1863 2709 1994 2745 timeat.

1371 2761 1465 2803 flora
1486 2765 1614 2801 mortis
1636 2775 1735 2800 meus
1759 2764 1862 2800 ssatus

1374 2822 1501 2861 intret,
1525 2821 1616 2860 Iesu,
1642 2826 1739 2856 tuum
1761 2820 1866 2859 latus,

1376 2879 1429 2914 liic
1451 2878 1629 2925 exspirans
1652 2877 1685 2912 in
1708 2883 1741 2913 te
1764 2877 1875 2916 vadat,

1374 2946 1417 2970 ne
1440 2935 1533 2969 liimc
1554 2934 1610 2969 leo
1634 2939 1713 2969 trux
1735 2934 1885 2973 invadat,

1372 2991 1430 3030 scd
1452 2991 1544 3044 apud
1569 2996 1600 3029 te
1624 2995 1838 3038 permaneat.

2087 152 2142 178 iso.
