2317 3534
136 127 206 158 Nro.
232 129 386 156 473-474.
909 122 1116 161 ῇετηταηη
1142 121 1268 162 Banu.

284 237 305 268 2
337 230 468 272 Aurem
492 232 678 279 benignam
706 233 870 279 protinus

335 300 474 337 appone
496 288 626 324 nostris
648 288 827 336 precibus,

333 346 414 382 Esto
437 345 540 381 nobis
562 344 759 392 propicius,

334 402 477 450 ignosce
499 401 594 449 quod
616 401 843 448 deliquimus.

282 486 302 517 3
337 480 387 521 '1¹11
409 480 520 516 vincis
542 479 576 515 in
597 480 816 527 martyribus

333 538 453 574 mundi
476 536 628 572 furentis
652 537 822 583 impetum

332 595 374 630 Et
394 594 505 630 (lonas
527 592 597 628 illis
619 593 774 628 animum

330 651 551 688 constantem
572 650 606 685 in
629 648 811 697 periculis.

279 734 299 765 4
333 726 440 769 Velut
461 728 599 765 infirma
620 727 757 764 vascula

330 788 424 824 ictus
445 787 539 821 inter
558 785 719 833 lapideos

330 843 501 879 Videntur
520 842 629 878 sancti
652 847 839 889 martyres,

328 900 386 936 sed
407 898 474 935 fide
496 899 624 935 durant
646 899 801 935 sortiter.

282 983 301 1014 5
332 977 408 1019 Non
430 978 543 1014 fidunt
567 977 636 1014 suis
658 976 807 1019 meritis,

327 1036 385 1072 sed
406 1035 478 1072 sola
501 1040 559 1072 tua
581 1036 706 1082 gratia,

1311 232 1517 277 Agnoscunt
1539 231 1572 266 se
1594 231 1779 279 persistere

1314 289 1348 323 in
1372 289 1479 323 tantis
1501 287 1732 324 cruciatibus.

1259 370 1280 401 6
1313 362 1371 404 Sic
1393 367 1599 402 cohaeredes
1621 367 1740 414 gaudii

1311 424 1389 458 suut
1412 424 1610 470 passionum
1633 424 1729 463 socii,

1312 479 1352 514 lii
1374 480 1529 515 membra
1553 480 1675 515 dolent
1696 481 1829 528 pariter

1310 536 1472 583 exemplo
1496 538 1545 572 sui
1568 537 1708 584 capitis.

1257 619 1275 649 7
1311 612 1518 662 Quicunque
1540 627 1619 651 vere
1641 616 1688 663 pii
1712 618 1801 657 suut,

1310 672 1391 707 illos
1414 677 1557 719 oportet
1579 673 1715 719 ingredi

1308 729 1374 764 Per
1394 739 1519 764 cruces
1541 733 1576 763 ct
1597 728 1774 765 molestias

1310 788 1344 821 in
1368 786 1447 820 vitae
1471 790 1616 821 asternae
1641 788 1810 833 requiem.

1256 866 1276 898 8
1309 862 1492 903 Debentur
1513 864 1578 900 deo
1601 867 1738 911 gratim,

1307 921 1404 969 quod
1427 920 1571 956 verbum
1595 922 1645 956 sui
1668 922 1727 957 tilii

1304 978 1496 1013 {Ionlirmat
1518 977 1554 1012 in
1575 978 1793 1025 martyribus

1305 1036 1436 1070 virtute
1458 1035 1566 1070 sancti
1589 1035 1746 1082 spiritus.

127 1137 148 1169 C
167 1139 256 1169 ffltatt
273 1137 294 1168 Ρ
312 1140 338 1169 3.
372 1136 397 1167 D
414 1137 505 1169 aetatt
521 1140 581 1169 253.
614 1136 679 1168 {mit
695 1141 742 1168 bet
760 1136 928 1175 Doxologie
946 1137 1023 1168 ffirn.
1043 1141 1066 1168 1.
1098 1137 1171 1175 ³391.
1190 1136 1267 1168 istro.
1289 1140 1328 1167 70.

637 1305 750 1352 473.
791 1303 1063 1369 Sequentia
1101 1303 1162 1352 de
1197 1301 1527 1369 martyribus,

327 1450 364 1512 Ο
386 1477 491 1513 Beata
512 1475 701 1513 beatorum

323 1539 521 1582 martyrum
542 1533 710 1574 solennia,

324 1590 489 1627 Studiose
510 1590 699 1627 recolenda

322 1648 497 1684 victorum
519 1647 724 1684 certamina.

271 1731 292 1762 2
323 1724 407 1766 Nam
428 1727 511 1763 sunt
531 1727 625 1763 bona
647 1733 739 1764 verae
761 1727 830 1776 piis

323 1783 483 1832 exempla
502 1784 698 1832 patientiae,

321 1842 366 1878 Ut
386 1852 453 1877 nos
475 1852 619 1889 quoque
640 1842 818 1889 patiamur

320 1910 386 1947 pro
408 1897 536 1933 Christi
558 1898 753 1951 evangelio.

270 1980 290 2013 3
322 1975 406 2017 Fide
427 1977 661 2017 vera‚‘cor(le
683 1982 761 2013 toto

320 2034 544 2071 adhaeserunt
563 2034 719 2074 domino,

319 2091 362 2127 Et
383 2090 506 2127 invicti
526 2091 607 2126 sunt
628 2091 757 2127 addicti

319 2147 432 2185 atroci
452 2149 639 2195 martyrio.

266 2231 287 2262 4
319 2224 514 2267 carcerati,
537 2227 705 2263 trucidati

319 2283 548 2333 pertulerunt
567 2283 731 2332 plurima,

317 2341 402 2389 Igne
423 2338 635 2381 laesi,'serr0
658 2341 750 2381 caesi,

320 2402 582 2434 tormentorum
604 2409 748 2445 genera.

120 2487 141 2518 C
158 2489 247 2520 ffitatt
265 2487 285 2518 P
303 2485 354 2518 3¹².
388 2487 411 2518 D
429 2488 518 2519 ffltatt
535 2491 591 2517 256.
629 2488 701 2526 2331.
721 2488 798 2520 mro.
816 2491 876 2518 251.

988 1392 1177 1425 COI‘I‘CCOE.

1251 1480 1271 1512 ἴ)
1303 1474 1393 1515 Dum
1415 1477 1462 1513 sic
1486 1477 1572 1513 torti
1594 1477 1725 1513 cedunt
1746 1479 1853 1514 morti

1302 1535 1417 1571 carnis
1440 1546 1504 1581 per
1524 1533 1720 1577 interitum,

1304 1592 1346 1627 Ut
1368 1586 1471 1626 cl'ecti
1493 1591 1574 1626 sunt
1596 1591 1715 1639 adepti

1300 1648 1487 1684 beatorum
1509 1648 1666 1696 praemia.

1246 1730 1267 1763 6
1299 1724 1370 1766 Per
1389 1733 1634 1775 contemptum
1658 1729 1919 1765 muiulanorum

1302 1789 1337 1819 et
1357 1796 1422 1832 per
1443 1783 1535 1819 bella
1557 1784 1666 1820 sortia

1301 1841 1393 1877 Sunt
1415 1840 1560 1887 ingressi
1583 1841 1792 1888 angelorum

1298 1898 1454 1934 victores
1475 1898 1664 1933 consortia.

1246 1981 1264 2012 7
1299 1974 1415 2025 Atque
1439 1977 1521 2012 sacti
1544 1978 1750 2013 colueredes

1297 2034 1436 2070 Christo
1460 2035 1495 2069 in
1516 2033 1729 2075 ezelel'tibus,

1296 2092 1412 2139 Ipsum
1435 2102 1522 2138 ergo
1547 2096 1624 2127 toto
1647 2092 1753 2127 eorde

1298 2148 1499 2195 flagitamus
1522 2147 1701 2196 precibus,

1244 2230 1264 2262 8
1296 2224 1336 2266 Ut
1358 2228 1439 2276 post
1462 2228 1565 2263 tinem
1588 2227 1695 2263 huius
1718 2228 1799 2264 vitae.

1296 2291 1331 2320 et
1351 2286 1430 2332 post
1453 2284 1654 2320 transitoria

1295 2342 1331 2377 ln
1355 2343 1503 2389 perenni
1524 2341 1627 2376 nobis
1649 2342 1758 2377 donet

1295 2398 1454 2434 habitare
1476 2398 1604 2445 gloria.

1969 124 2050 162 279
2111 134 2116 140 ·

412 2645 525 2690 474.
563 2643 640 2691 De
674 2643 1042 2693 confessoribus
1081 2644 1301 2711 hymnus
1340 2645 1435 2692 Iste
1474 2642 1736 2704 confessor,

967 2730 1177 2768 correctus,

227 2803 311 2864 'Ste
334 2828 513 2865 consessor
533 2828 667 2864 domini
689 2830 857 2869 sacratus,
1068 2811 1072 2865 i
1258 2831 1431 2877 (huisequi
1455 2840 1556 2864 uenio
1580 2830 1669 2865 valet
1694 2836 1727 2865 et
1750 2830 1874 2867 beatus

228 2884 314 2920 sesta
335 2885 437 2933 plebs
458 2886 560 2921 cuius
581 2885 737 2921 celebrat
760 2896 822 2933 per
844 2886 977 2927 orbem,
1202 2889 1271 2922 esse
1294 2898 1357 2934 per
1377 2898 1500 2923 zevum.

283 2941 418 2977 Christe
440 2942 605 2978 tractavit
628 2948 685 2978 tua
709 2942 812 2978 verba
835 2944 930 2980 sacra

1144 2969 1163 2999 :3
1198 2963 1315 3004 Purus
1337 2971 1372 3001 et
1395 2966 1498 3001 sanus
1520 2966 1588 3001 suit
1611 2966 1643 3001 in
1666 2966 1839 3005 docendo.

228 2997 366 3038 sedulo,
388 2999 536 3046 semper.
1350 3012 1353 3016 ¹

1202 3028 1239 3058 ut
1263 3022 1332 3057 suis
1355 3023 1441 3056 esset
1464 3021 1553 3058 huna
1577 3018 1688 3058 fornia
1711 3023 1802 3062 vitm,

173 3078 192 3109 2
224 3073 379 3125 Namque
397 3082 430 3113 te
448 3078 620 3113 summum
635 3077 758 3113 (locuit
775 3080 994 3125 magistrum,
1257 3078 1413 3113 Moribus
1435 3080 1537 3115 castis
1561 3079 1626 3115 suit
1650 3086 1682 3115 et
1707 3081 1886 3116 modestus

229 3138 264 3168 et
284 3133 564 3182 redemptorem,
587 3135 659 3170 sinc
681 3147 751 3182 quo
774 3135 920 3170 salutem
1201 3135 1340 3170 sobrius
1362 3142 1481 3183 atque.
