2317 3534
121 122 193 154 Nro.
217 124 277 152 582.

844 116 1046 150 {titulans
1072 117 1295 154 ,Setnetken
1944 118 2025 158 327

117 232 137 263 2
169 224 272 267 Mane
296 233 334 264 tu
356 239 459 264 voces
481 239 587 276 cape,
609 239 711 264 mane
732 238 892 275 promam

171 290 271 321 vota:
294 284 510 333 respondeto
531 285 617 320 mihi
637 285 802 332 benigne,

226 341 326 377 Mane
347 342 559 378 succurrens
580 341 749 377 redimam
771 345 939 377 vocantes

171 403 331 446 tempore
352 403 462 435 recto.

113 480 134 513 3
166 474 217 516 'l'u
239 477 325 513 deus
346 488 418 513 non
438 488 476 513 es
497 478 554 512 cui
574 488 681 524 prava
702 477 794 513 sacta

170 535 264 570 sorte
286 533 414 569 ridenti
436 533 617 581 placeant,
640 533 699 568 sed
721 533 802 569 osor

223 590 268 626 Es
289 586 483 626 malorum:
506 582 621 626 iudice
644 595 677 626 te
697 590 830 638 peribit

168 646 283 683 omnis
304 646 461 694 iniquus.

111 729 132 760 4
164 722 256 765 Ante
279 730 312 762 te
332 725 523 765 consistere
544 737 671 774 magna
693 727 828 774 spirans

167 794 238 819 non
258 782 396 830 potest,
418 782 583 822 mendax,
606 782 817 823 sceleratus,
840 789 946 820 autor

221 838 334 875 Caedis
355 843 390 874 et
411 838 574 887 quisquis
596 839 687 876 mala
708 840 816 876 corde
838 840 933 877 soedo

165 895 313 932 crimina
332 900 463 943 patrat.

109 978 130 1009 5
162 971 313 1023 Respuis
334 974 424 1010 iuste
445 974 636 1023 gladioque
657 981 788 1012 mactas

165 1032 294 1080 impios
316 1030 496 1079 salsosque
517 1043 623 1068 necas
645 1037 824 1080 potenter,

220 1089 266 1124 At
285 1088 400 1124 sacras
421 1088 515 1126 aedes
536 1100 603 1136 ego
624 1101 718 1126 nune
740 1089 842 1125 adibo

165 1156 247 1181 vera
267 1144 457 1193 professus.

107 1226 128 1259 6
161 1220 247 1263 Sum
268 1234 404 1261 memor
424 1226 562 1273 semper
581 1225 754 1262 bonitatis
776 1227 914 1275 amplae,

163 1281 359 1329 praestitisti
380 1293 485 1329 quam
507 1282 592 1317 mihi
613 1282 707 1318 mole
729 1295 855 1331 magna

218 1337 261 1373 Et
284 1339 334 1373 tui
356 1343 455 1374 recto
477 1338 601 1386 capior
624 1340 750 1375 timore

165 1400 270 1442 teque
290 1393 446 1431 celebro.

107 1477 125 1508 7
160 1471 188 1513 0
211 1474 298 1509 deus
319 1473 388 1510 duc
408 1474 545 1511 iusticia
565 1480 712 1523 paterna

162 1541 218 1566 me
240 1536 299 1566 tua
319 1536 469 1579 propter
489 1531 579 1567 mala
598 1532 870 1577 comminantes,

217 1587 285 1631 Qui
304 1588 391 1623 mihi
411 1588 549 1636 semper
570 1590 715 1637 capiunt
737 1594 773 1625 et
793 1595 869 1625 arte

162 1643 269 1693 eique
289 1655 432 1681 nocere.

105 1727 127 1759 8
160 1722 211 1763 'l'u
232 1735 331 1761 meos
354 1736 477 1761 omnes
498 1736 584 1773 rege
606 1726 726 1774 quaeso
749 1727 889 1773 gressus

161 1782 276 1830 adque
297 1786 425 1818 nutum
447 1782 550 1819 flecte
574 1788 693 1826 tuum,
716 1783 882 1819 misertus

216 1839 270 1874 Ah
290 1838 358 1874 mei
380 1839 572 1897 magnique
592 1841 662 1876 mei
683 1840 821 1876 doloris

160 1896 278 1944 sisque
299 1895 491 1932 redemtor.

105 1980 126 2014 9
159 1972 214 2014 Nil
236 1974 366 2011 habent
386 1975 461 2016 isti,
484 1976 568 2011 mihi
591 1976 650 2024 qui
673 1976 863 2018 minantur,

161 2032 322 2068 veritatis
343 2033 486 2069 nomine
507 2033 603 2081 quod
625 2034 774 2073 feratur,

106 2133 139 2164 L.
152 2142 179 2166 c.
198 2132 250 2166 sol.
267 2133 289 2163 Α
299 2139 314 2163 5
324 2130 347 2165 b.

1129 365 1170 397 lo

1128 616 1166 647 ll

1122 1368 1163 1399 14

1122 1616 1163 1648 15

1122 1865 1162 1898 16

1256 226 1352 262 Falsa
1376 227 1518 262 tradunt
1540 238 1602 262 ore
1623 226 1716 262 malo
1738 226 1908 274 putrique

1199 284 1346 319 crimine
1368 284 1505 319 soetent.

1200 358 1338 400 Horror
1360 365 1516 411 ipsorum
1538 364 1673 399 cruciat
1694 362 1887 409 malignum

1201 425 1326 468 pectus
1348 426 1383 455 et
1405 426 1531 465 guttur
1553 422 1662 455 scatet
1684 420 1924 467 undiquaque,

1256 478 1326 512 Cen
1349 478 1457 512 scatet
1479 477 1608 512 stetere
1629 476 1726 523 gravi
1749 476 1949 524 sepulerum

1199 534 1336 580 semper
1357 539 1531 581 apertum.

1199 610 1282 651 Hira
1304 612 1437 659 linguis
1459 618 1494 647 et
1516 612 1620 647 nimis
1643 611 1711 647 alta
1736 613 1865 648 iactant

1199 675 1234 705 et
1255 668 1346 704 dolis
1369 674 1534 715 turgent,
1558 668 1650 704 bona
1670 668 1777 704 verba
1799 670 1981 716 spargunt,

1254 725 1322 760 Sed
1343 730 1503 772 coquunt
1526 737 1590 773 pro
1613 736 1713 760 more
1733 726 1795 761 suo
1819 736 1990 761 venenum

1198 787 1345 831 pectore
1368 783 1469 817 soevo.

1145 872 1151 878 '
1198 859 1316 901 ludica
1340 861 1446 901 tales,
1469 860 1556 895 deus
1580 874 1599 895 o
1623 862 1751 900 severe,

1197 919 1361 968 decidant
1382 923 1422 953 ut
1443 917 1629 965 proposito
1651 922 1813 957 cruento,

1252 976 1320 1012 Fac
1341 986 1424 1011 reos
1446 980 1481 1010 et
1503 972 1595 1021 pelle
1618 974 1742 1021 procul
1766 980 1924 1010 remotos

1196 1034 1274 1069 iure
1296 1033 1421 1068 tenaci.

1197 1110 1244 1152 Te
1266 1113 1370 1148 deum
1394 1111 1573 1147 oll'endere
1594 1110 1700 1146 nimis
1722 1110 1896 1150 furenter,

1195 1171 1250 1206 ius
1275 1168 1337 1204 tibi
1361 1169 1429 1203 est:
1454 1168 1539 1203 istos
1562 1167 1736 1215 reprimas
1758 1167 1915 1207 vicissim,

1251 1226 1295 1262 Ut
1316 1231 1439 1273 potes:
1462 1236 1555 1261 nunc
1577 1230 1613 1260 et
1634 1229 1695 1259 tua
1716 1235 1811 1259 nune
1832 1230 1959 1270 agatur

1195 1282 1310 1331 gloria
1334 1282 1484 1318 tandem.

1196 1360 1352 1409 Quilibet
1375 1362 1419 1397 sic
1441 1361 1569 1409 gaudia
1589 1361 1664 1396 viva
1686 1360 1813 1400 volvat,

1196 1422 1256 1469 qui
1278 1419 1342 1455 tibi
1364 1418 1440 1454 fidit
1454 1447 1461 1458 ‚
1485 1424 1544 1453 tua
1565 1418 1614 1454 sic
1635 1417 1803 1465 perennis

1250 1476 1342 1512 Laus
1363 1475 1519 1514 coletur,
1542 1485 1671 1511 nomen
1693 1475 1832 1522 eritque
1853 1485 2020 1522 magnum

1197 1545 1300 1570 omne
1322 1544 1386 1581 per
1409 1544 1535 1568 [evum.

1197 1610 1336 1652 Gratias
1358 1613 1451 1648 dicet
1474 1612 1536 1648 tibi
1561 1623 1646 1659 grex
1666 1612 1820 1660 piorum,

1195 1681 1300 1718 quem
1323 1670 1434 1705 tueris
1458 1680 1634 1717 quemque
1656 1669 1755 1705 soves
1778 1680 1957 1717 amesque,

1249 1726 1362 1762 Corde
1383 1726 1488 1762 laetus
1511 1726 1658 1773 quisque
1681 1726 1745 1762 tibi
1766 1732 1890 1773 parato

1193 1784 1350 1820 carmina
1370 1788 1514 1830 panget.

1194 1860 1277 1902 Nam
1301 1873 1453 1898 coronas
1476 1862 1549 1910 ipse
1573 1863 1653 1910 pios
1676 1868 1711 1898 et
1733 1875 1839 1899 ornas

1194 1921 1328 1968 gratia,
1351 1920 1442 1956 sicut
1463 1919 1588 1967 clypeo
1612 1922 1773 1960 corusco,

1248 1977 1290 2012 Et
1313 1978 1377 2012 tna'
1394 1976 1508 2023 cingis
1530 1976 1691 2013 bonitate
1713 1983 1863 2013 cunctos

1194 2034 1254 2082 qui
1279 2032 1342 2069 tihi
1364 2032 1489 2069 sidunt.

657 2272 768 2318 582.
800 2269 976 2318 versio
1015 2246 1201 2318 Pialmi
1236 2268 1471 2317 LXXVI.

785 2351 906 2390 Notus
926 2352 966 2390 in
986 2351 1112 2390 ludaea
1134 2351 1248 2395 deus,
1271 2348 1340 2388 &o

161 2429 249 2490 {Am
271 2453 353 2489 satis
376 2459 469 2489 terra
491 2454 578 2490 deus
600 2454 635 2490 in
657 2455 789 2491 celebri

161 2511 232 2547 esse
252 2510 369 2547 Iudaea
390 2511 499 2551 solet,
521 2511 637 2547 Israeli

217 2568 363 2614 Magnus
386 2567 457 2603 alto
479 2569 623 2604 nomine
643 2568 725 2605 celsi
747 2570 906 2609 honoris,

161 2626 293 2661 summa
313 2625 482 2672 potestas.

105 2707 126 2738 2
159 2700 302 2742 Terruit
322 2709 448 2751 gentes
471 2703 635 2740 habitans
657 2705 692 2740 in
715 2705 794 2741 aula

161 2762 259 2810 pacis
281 2762 428 2808 augusta
450 2760 677 2809 Solymisque
699 2762 828 2798 sanctis
878 2782 881 2783 ν

216 2817 269 2853 Ad
289 2816 426 2857 Sionis,
447 2818 559 2854 castra
580 2817 702 2854 locans
725 2824 759 2854 et
780 2830 891 2859 arces,

162 2873 281 2911 nobile
304 2874 486 2922 templum.

106 2955 126 2988 3
159 2950 301 2992 Terruit
321 2958 447 3001 gentes
469 2953 632 2990 minuens
655 2955 811 3001 sagittas,

163 3009 297 3057 frangit
317 3021 440 3050 arcus,
463 3010 604 3059 przelia,
630 3012 725 3047 senta
747 3017 781 3047 et
802 3014 913 3052 enses,

219 3067 270 3102 'l'u
291 3067 378 3103 deus
400 3078 548 3114 magnus
570 3069 810 3116 superansque
833 3075 972 3105 montes

163 3128 268 3171 atque
291 3129 472 3172 tyrannos.

1136 2460 1155 2490 4
1187 2451 1350 2494 Vidimus
1368 2455 1498 2503 praedis
1521 2454 1696 2490 violenter
1717 2456 1805 2490 actis

1196 2525 1315 2560 regua
1338 2512 1466 2548 erebro
1488 2512 1665 2549 creseere,
1690 2511 1743 2545 sed
1769 2511 1939 2558 superbos

1247 2571 1405 2607 Vidimus
1426 2570 1548 2604 rursus
1570 2568 1714 2616 spoliari
1737 2568 1866 2614 ‹jupinne

1191 2627 1323 2664 robore
1345 2627 1486 2675 priedte.

1134 2710 1154 2742 5
1187 2704 1348 2746 Vidimus
1372 2707 1481 2741 somni
1504 2706 1625 2752 requie
1648 2705 1818 2752 profundi

1136 2959 1157 2991 ὓ

1191 2764 1295 2800 obrui
1318 2763 1455 2809 magnis
1479 2761 1607 2809 opibus
1631 2767 1822 2801 tumentes,

1246 2820 1367 2856 Robur
1389 2825 1494 2866 atque
1517 2820 1679 2854 :nnittere
1702 2820 1794 2866 saepe
1817 2831 1943 2868 magna

1191 2877 1282 2913 bella
1305 2881 1499 2911 moventes.

1190 2954 1355 3003 lnerepas
1379 2955 1520 3002 quando
1542 2955 1628 2990 deus
1650 2955 1798 2993 Israelis,

1194 3024 1270 3048 mox
1294 3012 1395 3059 equi,
1420 3023 1546 3047 currus
1569 3011 1782 3060 equitesque
1805 3013 1872 3048 diri

1249 3070 1506 3116 Oppi-innuitur
1527 3068 1707 3116 pervalido
1730 3070 1856 3118 l'ol‘iorc

1195 3127 1345 3173 suntque
1367 3125 1526 3162 cadaver.
