2317 3534
124 133 197 165 Nro.
225 139 378 164 190-191.

792 133 1000 175 bernhart]
1026 145 1100 169 nun
1127 137 1371 172 Qttuiruuur.

1964 145 2042 184 123

232 978 252 1009 10

854 289 944 328 190·
976 290 1057 334 (V.)
1085 291 1145 326 Ad
1166 297 1312 337 pectus.

291 361 430 428 SAlve‚
454 389 546 425 salus
568 400 663 428 mea,
687 384 786 429 deus,

291 444 365 480 lesu
388 445 520 485 dulcis,
544 457 644 481 amor
666 456 777 485 meus,

289 500 396 542 salve,
421 506 547 549 pectus
569 502 813 542 reverendum,

289 569 370 593 eum
392 563 547 594 tremore
570 559 864 605 contingemlnm,

287 616 420 650 amoris
441 614 670 650 domicilium.

287 666 376 710 Ave,
402 671 552 707 thronus
575 672 758 712 trinitatis,

289 738 367 763 arca
388 726 470 762 latae
494 727 691 767 charitatis,

287 783 549 820 firmamentum
572 784 772 827 infirmatis,

287 852 353 888 pax
376 846 410 876 et
431 842 537 888 pausa
560 842 729 888 fatigatis,

288 897 474 933 humilium
495 897 701 934 triclinium.

284 971 404 1016 Salve,
426 976 503 1012 Iesu
525 977 726 1017 reverende,

288 1033 393 1080 digne
414 1034 552 1081 semper
573 1034 795 1081 inquirende,

286 1100 342 1125 me
363 1090 574 1137 praesentem
596 1091 654 1126 hie
675 1090 829 1130 attende,

287 1146 512 1182 accedentem
534 1157 589 1182 me
611 1147 784 1183 succende

287 1203 513 1251 praecordiali
535 1204 662 1250 gratia.

285 1256 415 1299 Pectus
437 1260 520 1295 mihi
543 1260 668 1296 censer
688 1261 870 1300 mundum,

285 1316 433 1356 ardens,
456 1318 572 1364 pium,
596 1317 870 1364 gemebumlnm,

286 1373 505 1409 voluntatem
527 1373 748 1421 abnegatam,

288 1429 350 1465 tibi
374 1430 512 1478 semper
533 1430 805 1470 conformatam,

285 1487 404 1522 iuncta
425 1487 596 1522 virtutum
618 1488 733 1534 copia.

283 1562 358 1604 lesu
380 1565 513 1606 dulcis,
535 1566 656 1613 pastor
677 1567 744 1613 pie,

284 1621 333 1657 fili
353 1621 408 1658 dei
430 1628 465 1658 et
485 1622 615 1662 Mariae,

282 1678 384 1726 largo
407 1678 507 1714 sonte
530 1680 581 1714 tui
603 1679 723 1716 cordis

283 1735 476 1771 soeditatem
499 1746 584 1773 meze
606 1735 731 1776 sordis,

283 1791 435 1840 benigne
454 1798 576 1841 pater,
599 1792 706 1828 dilue.

861 1930 953 1970 191.

281 2002 431 2065 SUmmi
452 2029 549 2076 regis
571 2042 653 2070 cor,
675 2036 788 2070 aveto,

283 2091 316 2121 te
337 2085 452 2122 saluto
474 2086 581 2122 corde
603 2087 700 2127 laeto,

281 2148 315 2178 te
336 2142 525 2191 complecti
547 2155 602 2179 mc
623 2143 777 2180 delectat

279 2204 315 2235 et
336 2199 403 2236 hoe
424 2211 541 2235 meum
563 2212 626 2236 cor
646 2202 798 2239 all'eetat,

279 2261 318 2291 ut
339 2256 381 2292 ad
405 2262 438 2292 te
460 2256 605 2304 loquar,
628 2258 773 2293 animes.

280 2306 361 2358 Qud
379 2324 501 2349 amore
523 2313 733 2353 vincebaris,

279 2381 350 2418 quo
371 2369 498 2406 dolore
520 2370 757 2418 torquebaris,

279 2437 358 2462 cuni
383 2432 415 2462 te
438 2431 553 2462 totum
575 2427 792 2467 exhaurires,

281 2488 322 2518 ut
344 2488 376 2518 te
398 2482 502 2519 nobis
525 2483 727 2531 impertires

278 2544 314 2575 et
334 2551 401 2575 nos
423 2551 441 2575 a
463 2546 579 2576 morte
604 2539 774 2575 tolleres?

275 2616 304 2657 0
328 2630 426 2654 mors
448 2618 525 2658 illa,
549 2630 654 2666 quam
677 2631 805 2659 amara,

277 2686 381 2723 quam
404 2675 569 2715 immitis,
593 2687 697 2723 qnam
719 2688 834 2716 avara,

277 2743 357 2779 qute
381 2742 445 2779 per
465 2731 589 2768 cellam
614 2733 784 2773 introivit,

277 2789 311 2823 in
334 2800 402 2836 qna
424 2788 542 2824 mundi
567 2790 636 2825 vita
659 2789 750 2829 vivit,

279 2850 311 2879 te
332 2844 518 2884 mordens,
545 2857 608 2881 cor
629 2846 879 2882 dulcissimum.

276 2897 431 2949 Propter
451 2907 623 2941 mortem,
647 2914 750 2950 quani
775 2903 895 2943 tulisti,

276 2957 417 3005 quando
440 2969 504 3005 pro
527 2970 581 2994 me
603 2959 772 2998 defecisti,

275 3014 396 3050 cordis
417 3014 485 3049 mci
508 3025 571 3050 cor
590 3015 770 3055 dilectum,

275 3071 310 3106 in
335 3075 366 3106 te
389 3081 505 3106 meum
526 3071 580 3107 ser
601 3072 778 3108 all'cetnm.

274 3126 342 3163 hoc
363 3128 413 3163 est
434 3127 529 3176 quod
551 3134 636 3176 opto
659 3128 863 3177 plurimum.

1270 391 1359 433 Ave,
1385 395 1550 442 splendor
1573 402 1609 432 et
1631 396 1744 443 figura

1271 452 1394 486 t'nnnni
1418 452 1471 487 dei
1495 455 1670 499 genitura,

1269 507 1310 541 de
1334 509 1506 544 thesauris
1532 511 1600 544 tuis
1623 510 1737 556 plenis

1269 563 1434 599 desolatis
1456 571 1490 600 et
1513 567 1634 611 egenis

1266 631 1396 655 munus
1418 621 1611 657 clementer
1632 624 1782 669 proline.

1210 701 1231 732 4
1263 694 1384 736 Dulcis
1406 699 1479 734 lesu
1503 701 1629 735 Christi
1653 707 1789 748 pectus,

1269 761 1328 790 tuo
1352 756 1430 790 liam
1452 756 1546 791 dono
1570 763 1700 797 rectus,

1267 811 1453 847 absolutus
1476 825 1493 847 a
1517 815 1685 861 pcccatis,

1266 868 1395 904 ardens
1418 870 1497 915 igne
1519 870 1715 910 charitatis,

1267 931 1307 960 ut
1328 926 1466 973 semper
1488 932 1521 961 te
1544 929 1750 973 recogitem.

1266 978 1316 1020 Τιι
1339 982 1481 1029 abyssus
1504 994 1541 1017 es
1564 984 1708 1031 sophia:

1265 1038 1475 1085 angelorum
1498 1040 1692 1076 harmonim

1269 1101 1302 1131 te
1325 1095 1546 1135 collaudant,
1570 1108 1612 1132 ex
1636 1102 1668 1132 tc
1691 1098 1787 1133 fluxit

1265 1152 1360 1199 qnod
1383 1152 1556 1188 Iohannes
1571 1153 1713 1196 ,cubans
1737 1156 1836 1193 suxit,

1266 1210 1299 1244 in
1323 1214 1355 1244 te
1378 1209 1432 1244 sac
1455 1215 1493 1244 ut
1515 1209 1722 1247 inhabitem.

1209 1290 1228 1320 5
1261 1283 1350 1327 Ave,
1375 1288 1454 1324 sons
1476 1288 1718 1335 benignitatis,

1264 1343 1449 1392 plenitudo
1472 1345 1614 1381 deitatis

1264 1401 1465 1448 corporalis
1488 1403 1522 1437 in
1546 1407 1579 1437 te
1602 1409 1732 1443 manet,

1264 1459 1452 1493 vanitatem
1475 1459 1509 1493 in
1532 1470 1587 1494 me
1608 1460 1717 1499 sanet,

1262 1514 1357 1561 quod
1381 1520 1417 1550 tu
1439 1514 1582 1550 confers
1603 1516 1799 1552 consilium.

1264 1567 1355 1610 Ave,
1379 1582 1500 1606 verum
1523 1572 1695 1620 templum
1718 1573 1786 1613 dei,

1265 1638 1394 1675 precor
1415 1628 1580 1664 miserere
1601 1629 1682 1669 mei,

1264 1689 1302 1719 tu
1326 1685 1437 1719 totius
1462 1696 1542 1720 area
1563 1685 1660 1725 boni,

1263 1740 1318 1776 sac
1340 1740 1465 1777 electis
1487 1753 1542 1777 me
1565 1744 1708 1790 apponi,

1259 1809 1320 1833 vas
1342 1797 1456 1840 dives,
1487 1798 1574 1834 deus
1597 1800 1766 1835 omnium.

987 1930 1087 1976 (VI.)
1118 1932 1179 1967 Αιῑ
1207 1943 1285 1968 eor.

1204 2035 1223 2068 3
1257 2031 1285 2071 0
1307 2045 1370 2070 eor
1390 2034 1512 2075 dulce,
1535 2036 1794 2083 praedileetnm‚

1259 2091 1388 2127 munda
1411 2103 1474 2127 cor
1494 2104 1611 2128 meum
1636 2093 1793 2130 illectum

1259 2154 1294 2183 et
1316 2147 1349 2182 in
1372 2149 1471 2184 vanis
1493 2149 1708 2189 induratum.

1259 2205 1356 2252 pium
1379 2204 1434 2241 sac
1455 2211 1490 2240 et
1513 2207 1732 2246 [imm-annu,

1257 2260 1400 2308 repulso
1425 2267 1516 2297 tetro
1540 2263 1687 2310 frigore.

1256 2315 1326 2356 Per
1348 2318 1536 2355 medullam
1558 2320 1677 2355 cordis
1699 2321 1766 2356 mei

1257 2376 1459 2423 peccatoris
1481 2382 1588 2423 atque
1610 2378 1660 2411 rei

1260 2438 1342 2467 tuns
1363 2444 1464 2468 amor
1486 2433 1733 2469 transferatur.

1257 2500 1328 2536 quo
1351 2500 1414 2524 eor
1438 2495 1550 2524 totum
1575 2482 1735 2537 rapiatur

1257 2545 1431 2591 languens
1454 2547 1586 2581 amoris
1610 2546 1764 2582 vnlnere.

1199 2627 1218 2657 «l
1253 2621 1425 2663 Dilatare,
1449 2625 1598 2672 aperire,

1257 2687 1435 2728 tamquam
1458 2682 1534 2717 rosa
1559 2682 1723 2727 fragrans
1745 2683 1843 2723 mire,

1254 2737 1352 2772 cordi
1376 2750 1453 2772 ineo
1478 2743 1511 2772 te
1533 2739 1722 2785 coniunge,

1255 2805 1346 2838 unge
1370 2793 1456 2828 illud
1478 2800 1509 2828 et
1534 2806 1744 2843 compunge,

1254 2849 1313 2896 qni
1336 2856 1428 2885 amat
1451 2856 1483 2884 te
1506 2851 1590 2898 quid
1612 2854 1771 2899 patitur?

1255 2903 1425 2951 Quidnam
1448 2913 1548 2953 agat,
1571 2909 1679 2944 nescit
1704 2921 1794 2948 vere,

1252 2974 1314 2998 nec
1339 2964 1370 2997 l'e
1392 2962 1482 2998 valet
1504 2964 1684 3004 cohibere,

1251 3018 1387 3054 nullum
1411 3020 1552 3055 modum
1574 3021 1633 3057 dat
1655 3023 1780 3062 amori,

1251 3074 1361 3111 multa
1385 3081 1500 3111 morte
1521 3077 1625 3114 vellet
1647 3079 1749 3117 mori,

1251 3142 1370 3168 amore
1394 3133 1558 3181 quisquis
1580 3135 1743 3171 vincitur.
