<?xml version="1.0" encoding="UTF-8"?>
<!DOCTYPE html PUBLIC "-//W3C//DTD XHTML 1.0 Transitional//EN"
    "http://www.w3.org/TR/xhtml1/DTD/xhtml1-transitional.dtd">
<html xmlns="http://www.w3.org/1999/xhtml" xml:lang="en" lang="en">
 <head>
  <title>
</title>
<meta http-equiv="Content-Type" content="text/html;charset=utf-8" />
  <meta name='ocr-system' content='tesseract 3.04.00' />
  <meta name='ocr-capabilities' content='ocr_page ocr_carea ocr_par ocr_line ocrx_word'/>
</head>
<body>
  <div class='ocr_page' id='page_1' title='image "./dasdeutschekirch01wackuoft_0365.png"; bbox 0 0 2317 3534; ppageno 0'>
   <div class='ocr_carea' id='block_1_1' title="bbox 118 128 1323 172">
    <p class='ocr_par' dir='ltr' id='par_1_1' title="bbox 118 128 1323 172">
     <span class='ocr_line' id='line_1_1' title="bbox 118 128 1323 172; baseline 0.007 -13"><span class='ocrx_word' id='word_1_1' title='bbox 118 128 192 160; x_wconf 83' lang='lat' dir='ltr'>Nro.</span> <span class='ocrx_word' id='word_1_2' title='bbox 219 133 277 160; x_wconf 83' lang='grc'>599.</span> <span class='ocrx_word' id='word_1_3' title='bbox 814 130 1034 172; x_wconf 71' lang='lat' dir='ltr'>mutfflang</span> <span class='ocrx_word' id='word_1_4' title='bbox 1060 131 1323 172; x_wconf 60' lang='grc' dir='ltr'>ζῖηιιποηίιιε.</span> 
     </span>
    </p>
   </div>
   <div class='ocr_carea' id='block_1_2' title="bbox 1953 140 2032 180">
    <p class='ocr_par' dir='ltr' id='par_1_2' title="bbox 1953 140 2032 180">
     <span class='ocr_line' id='line_1_2' title="bbox 1953 140 2032 180; baseline 0 0"><span class='ocrx_word' id='word_1_5' title='bbox 1953 140 2032 180; x_wconf 82' lang='lat'>335</span> 
     </span>
    </p>
   </div>
   <div class='ocr_carea' id='block_1_3' title="bbox 401 189 2029 210">
    <p class='ocr_par' dir='ltr' id='par_1_3' title="bbox 401 189 2029 210">
     <span class='ocr_line' id='line_1_3' title="bbox 401 189 2029 210; baseline 0 0"><span class='ocrx_word' id='word_1_6' title='bbox 401 189 2029 210; x_wconf 95' lang='lat' dir='ltr'> </span> 
     </span>
    </p>
   </div>
   <div class='ocr_carea' id='block_1_4' title="bbox 266 235 1075 615">
    <p class='ocr_par' dir='ltr' id='par_1_4' title="bbox 266 235 1075 615">
     <span class='ocr_line' id='line_1_4' title="bbox 266 235 824 288; baseline 0.005 -15"><span class='ocrx_word' id='word_1_7' title='bbox 266 239 287 273; x_wconf 86' lang='lat'><strong>3</strong></span> <span class='ocrx_word' id='word_1_8' title='bbox 319 235 462 277; x_wconf 83' lang='lat' dir='ltr'>Nullum</span> <span class='ocrx_word' id='word_1_9' title='bbox 483 239 621 276; x_wconf 83' lang='lat' dir='ltr'>valebat</span> <span class='ocrx_word' id='word_1_10' title='bbox 642 241 699 276; x_wconf 91' lang='lat' dir='ltr'>hic</span> <span class='ocrx_word' id='word_1_11' title='bbox 721 252 824 288; x_wconf 83' lang='lat' dir='ltr'>opus,</span> 
     </span>
     <span class='ocr_line' id='line_1_5' title="bbox 319 295 744 344; baseline 0.005 -14"><span class='ocrx_word' id='word_1_12' title='bbox 319 295 450 332; x_wconf 86' lang='lat' dir='ltr'>honum</span> <span class='ocrx_word' id='word_1_13' title='bbox 472 296 606 344; x_wconf 85' lang='lat' dir='ltr'>perirat</span> <span class='ocrx_word' id='word_1_14' title='bbox 629 308 744 337; x_wconf 88' lang='lat' dir='ltr'>omne,</span> 
     </span>
     <span class='ocr_line' id='line_1_6' title="bbox 315 352 737 389; baseline 0.005 -2"><span class='ocrx_word' id='word_1_15' title='bbox 315 352 514 388; x_wconf 79' lang='lat' dir='ltr'>Arbitrium</span> <span class='ocrx_word' id='word_1_16' title='bbox 537 353 737 389; x_wconf 81' lang='lat' dir='ltr'>caeleftihus</span> 
     </span>
     <span class='ocr_line' id='line_1_7' title="bbox 317 408 737 457; baseline 0.002 -14"><span class='ocrx_word' id='word_1_17' title='bbox 317 408 444 444; x_wconf 80' lang='lat' dir='ltr'>hostile</span> <span class='ocrx_word' id='word_1_18' title='bbox 465 416 737 457; x_wconf 83' lang='lat' dir='ltr'>mortuumque:</span> 
     </span>
     <span class='ocr_line' id='line_1_8' title="bbox 370 463 1075 505; baseline -0.001 -5"><span class='ocrx_word' id='word_1_19' title='bbox 370 465 534 502; x_wconf 81' lang='lat' dir='ltr'>Extrema</span> <span class='ocrx_word' id='word_1_20' title='bbox 555 466 774 502; x_wconf 83' lang='lat' dir='ltr'>conclamata</span> <span class='ocrx_word' id='word_1_21' title='bbox 798 467 884 505; x_wconf 80' lang='lat' dir='ltr'>sors.</span> <span class='ocrx_word' id='word_1_22' title='bbox 1073 463 1075 499; x_wconf 63' lang='lat' dir='ltr'>i</span> 
     </span>
     <span class='ocr_line' id='line_1_9' title="bbox 314 521 811 558; baseline 0.002 -1"><span class='ocrx_word' id='word_1_23' title='bbox 314 521 477 557; x_wconf 83' lang='lat' dir='ltr'>manebat</span> <span class='ocrx_word' id='word_1_24' title='bbox 498 528 533 558; x_wconf 89' lang='lat' dir='ltr'>et</span> <span class='ocrx_word' id='word_1_25' title='bbox 555 523 693 558; x_wconf 78' lang='lat' dir='ltr'>funesta</span> <span class='ocrx_word' id='word_1_26' title='bbox 714 534 811 558; x_wconf 86' lang='lat' dir='ltr'>mors</span> 
     </span>
     <span class='ocr_line' id='line_1_10' title="bbox 313 578 678 615; baseline 0.003 -2"><span class='ocrx_word' id='word_1_27' title='bbox 313 578 355 614; x_wconf 80' lang='lat' dir='ltr'>ad</span> <span class='ocrx_word' id='word_1_28' title='bbox 377 578 512 615; x_wconf 81' lang='lat' dir='ltr'>inferos</span> <span class='ocrx_word' id='word_1_29' title='bbox 533 580 678 615; x_wconf 91' lang='lat' dir='ltr'>iturum.</span> 
     </span>
    </p>
   </div>
   <div class='ocr_carea' id='block_1_5' title="bbox 260 653 850 1046">
    <p class='ocr_par' dir='ltr' id='par_1_5' title="bbox 260 653 850 1046">
     <span class='ocr_line' id='line_1_11' title="bbox 260 653 793 696; baseline 0.008 -6"><span class='ocrx_word' id='word_1_30' title='bbox 260 659 282 690; x_wconf 87' lang='grc'>4</span> <span class='ocrx_word' id='word_1_31' title='bbox 314 653 360 696; x_wconf 80' lang='lat' dir='ltr'>At</span> <span class='ocrx_word' id='word_1_32' title='bbox 383 657 465 693; x_wconf 89' lang='lat' dir='ltr'>hinc</span> <span class='ocrx_word' id='word_1_33' title='bbox 486 657 529 694; x_wconf 83' lang='lat' dir='ltr'>al)</span> <span class='ocrx_word' id='word_1_34' title='bbox 550 664 685 694; x_wconf 83' lang='lat' dir='ltr'>aeteruo</span> <span class='ocrx_word' id='word_1_35' title='bbox 708 669 793 696; x_wconf 74' lang='lat' dir='ltr'>meae</span> 
     </span>
     <span class='ocr_line' id='line_1_12' title="bbox 311 713 727 755; baseline 0.005 -6"><span class='ocrx_word' id='word_1_36' title='bbox 311 713 421 750; x_wconf 79' lang='lat' dir='ltr'>cladis</span> <span class='ocrx_word' id='word_1_37' title='bbox 442 714 530 754; x_wconf 83' lang='lat' dir='ltr'>deus</span> <span class='ocrx_word' id='word_1_38' title='bbox 552 715 727 755; x_wconf 83' lang='lat' dir='ltr'>misertus,</span> 
     </span>
     <span class='ocr_line' id='line_1_13' title="bbox 310 769 760 818; baseline 0.004 -13"><span class='ocrx_word' id='word_1_39' title='bbox 310 769 353 806; x_wconf 88' lang='lat' dir='ltr'>Et</span> <span class='ocrx_word' id='word_1_40' title='bbox 373 771 498 818; x_wconf 82' lang='lat' dir='ltr'>gratiae</span> <span class='ocrx_word' id='word_1_41' title='bbox 520 782 657 808; x_wconf 90' lang='lat' dir='ltr'>memor</span> <span class='ocrx_word' id='word_1_42' title='bbox 678 773 760 812; x_wconf 66' lang='lat' dir='ltr'>sum,</span> 
     </span>
     <span class='ocr_line' id='line_1_14' title="bbox 310 827 702 865; baseline 0.005 -3"><span class='ocrx_word' id='word_1_43' title='bbox 310 838 365 862; x_wconf 90' lang='lat' dir='ltr'>me</span> <span class='ocrx_word' id='word_1_44' title='bbox 387 827 540 864; x_wconf 83' lang='lat' dir='ltr'>liberare</span> <span class='ocrx_word' id='word_1_45' title='bbox 561 834 702 865; x_wconf 82' lang='lat' dir='ltr'>certus:</span> 
     </span>
     <span class='ocr_line' id='line_1_15' title="bbox 365 883 850 934; baseline 0.008 -15"><span class='ocrx_word' id='word_1_46' title='bbox 365 883 434 919; x_wconf 90' lang='lat' dir='ltr'>Cor</span> <span class='ocrx_word' id='word_1_47' title='bbox 455 885 594 932; x_wconf 79' lang='lat' dir='ltr'>appulit</span> <span class='ocrx_word' id='word_1_48' title='bbox 614 887 662 922; x_wconf 87' lang='lat' dir='ltr'>mi</span> <span class='ocrx_word' id='word_1_49' title='bbox 683 887 850 934; x_wconf 79' lang='lat' dir='ltr'>patrium,</span> 
     </span>
     <span class='ocr_line' id='line_1_16' title="bbox 308 942 830 990; baseline 0 -14"><span class='ocrx_word' id='word_1_50' title='bbox 308 951 481 988; x_wconf 81' lang='lat' dir='ltr'><strong>perquam</strong></span> <span class='ocrx_word' id='word_1_51' title='bbox 502 942 667 990; x_wconf 85' lang='lat' dir='ltr'>profecto</span> <span class='ocrx_word' id='word_1_52' title='bbox 690 943 830 981; x_wconf 87' lang='lat' dir='ltr'>serium,</span> 
     </span>
     <span class='ocr_line' id='line_1_17' title="bbox 307 998 722 1046; baseline 0.002 -14"><span class='ocrx_word' id='word_1_53' title='bbox 307 1008 371 1033; x_wconf 88' lang='lat' dir='ltr'>nec</span> <span class='ocrx_word' id='word_1_54' title='bbox 392 998 529 1046; x_wconf 90' lang='lat' dir='ltr'>optimo</span> <span class='ocrx_word' id='word_1_55' title='bbox 549 999 722 1046; x_wconf 72' lang='lat' dir='ltr'>pepercit.</span> 
     </span>
    </p>
   </div>
   <div class='ocr_carea' id='block_1_6' title="bbox 255 1072 840 1466">
    <p class='ocr_par' dir='ltr' id='par_1_6' title="bbox 255 1072 840 1466">
     <span class='ocr_line' id='line_1_18' title="bbox 255 1072 636 1115; baseline 0.013 -6"><span class='ocrx_word' id='word_1_56' title='bbox 255 1077 276 1109; x_wconf 84' lang='lat'>5</span> <span class='ocrx_word' id='word_1_57' title='bbox 307 1072 350 1115; x_wconf 81' lang='lat' dir='ltr'>Et</span> <span class='ocrx_word' id='word_1_58' title='bbox 371 1076 444 1113; x_wconf 86' lang='lat' dir='ltr'>filio</span> <span class='ocrx_word' id='word_1_59' title='bbox 467 1077 554 1113; x_wconf 67' lang='lat' dir='ltr'>(lixit</span> <span class='ocrx_word' id='word_1_60' title='bbox 573 1078 636 1114; x_wconf 85' lang='lat' dir='ltr'>suo</span> 
     </span>
     <span class='ocr_line' id='line_1_19' title="bbox 309 1133 827 1179; baseline 0.004 -11"><span class='ocrx_word' id='word_1_61' title='bbox 309 1133 400 1179; x_wconf 62' lang='lat' dir='ltr'>‘heu</span> <span class='ocrx_word' id='word_1_62' title='bbox 423 1144 496 1170; x_wconf 90' lang='lat' dir='ltr'>rem</span> <span class='ocrx_word' id='word_1_63' title='bbox 519 1135 632 1170; x_wconf 82' lang='lat' dir='ltr'>status</span> <span class='ocrx_word' id='word_1_64' title='bbox 653 1134 827 1174; x_wconf 75' lang='lat' dir='ltr'>dolendi,⁴</span> 
     </span>
     <span class='ocr_line' id='line_1_20' title="bbox 307 1189 740 1231; baseline 0.005 -6"><span class='ocrx_word' id='word_1_65' title='bbox 307 1189 446 1226; x_wconf 83' lang='lat' dir='ltr'>Corona</span> <span class='ocrx_word' id='word_1_66' title='bbox 468 1196 507 1226; x_wconf 87' lang='lat' dir='ltr'>tu</span> <span class='ocrx_word' id='word_1_67' title='bbox 528 1191 627 1228; x_wconf 86' lang='lat' dir='ltr'>cordi</span> <span class='ocrx_word' id='word_1_68' title='bbox 649 1202 740 1231; x_wconf 88' lang='lat' dir='ltr'>meo,</span> 
     </span>
     <span class='ocr_line' id='line_1_21' title="bbox 308 1245 675 1295; baseline 0.005 -15"><span class='ocrx_word' id='word_1_69' title='bbox 308 1245 337 1286; x_wconf 94' lang='lat' dir='ltr'>i,</span> <span class='ocrx_word' id='word_1_70' title='bbox 361 1246 406 1282; x_wconf 83' lang='lat' dir='ltr'>sis</span> <span class='ocrx_word' id='word_1_71' title='bbox 428 1247 521 1283; x_wconf 79' lang='lat' dir='ltr'>salus</span> <span class='ocrx_word' id='word_1_72' title='bbox 543 1248 675 1295; x_wconf 84' lang='lat' dir='ltr'>egenti,</span> 
     </span>
     <span class='ocr_line' id='line_1_22' title="bbox 362 1303 840 1345; baseline 0.002 -6"><span class='ocrx_word' id='word_1_73' title='bbox 362 1303 462 1340; x_wconf 88' lang='lat' dir='ltr'>Hunc</span> <span class='ocrx_word' id='word_1_74' title='bbox 483 1304 596 1340; x_wconf 82' lang='lat' dir='ltr'>libera</span> <span class='ocrx_word' id='word_1_75' title='bbox 617 1305 659 1341; x_wconf 86' lang='lat' dir='ltr'>de.</span> <span class='ocrx_word' id='word_1_76' title='bbox 681 1305 840 1345; x_wconf 84' lang='lat' dir='ltr'>crimine,</span> 
     </span>
     <span class='ocr_line' id='line_1_23' title="bbox 304 1360 806 1402; baseline 0.006 -8"><span class='ocrx_word' id='word_1_77' title='bbox 304 1366 456 1396; x_wconf 87' lang='lat' dir='ltr'>mortem</span> <span class='ocrx_word' id='word_1_78' title='bbox 478 1360 633 1398; x_wconf 83' lang='lat' dir='ltr'>ferocem</span> <span class='ocrx_word' id='word_1_79' title='bbox 655 1362 806 1402; x_wconf 80' lang='lat' dir='ltr'>destrue,</span> 
     </span>
     <span class='ocr_line' id='line_1_24' title="bbox 303 1416 782 1466; baseline 0.008 -16"><span class='ocrx_word' id='word_1_80' title='bbox 303 1416 410 1453; x_wconf 84' lang='lat' dir='ltr'>vitam</span> <span class='ocrx_word' id='word_1_81' title='bbox 430 1417 539 1454; x_wconf 90' lang='lat' dir='ltr'>reduc</span> <span class='ocrx_word' id='word_1_82' title='bbox 560 1418 782 1466; x_wconf 90' lang='lat' dir='ltr'>perennem.&#39;</span> 
     </span>
    </p>
   </div>
   <div class='ocr_carea' id='block_1_7' title="bbox 201 1484 1057 1890">
    <p class='ocr_par' dir='ltr' id='par_1_7' title="bbox 201 1484 1057 1890">
     <span class='ocr_line' id='line_1_25' title="bbox 201 1484 718 1537; baseline 0.008 -8"><span class='ocrx_word' id='word_1_83' title='bbox 201 1495 206 1500; x_wconf 38' lang='lat'>⁸</span> <span class='ocrx_word' id='word_1_84' title='bbox 250 1497 272 1529; x_wconf 76' lang='lat' dir='ltr'>o</span> <span class='ocrx_word' id='word_1_85' title='bbox 304 1492 447 1535; x_wconf 68' lang='lat' dir='ltr'>obediit</span> <span class='ocrx_word' id='word_1_86' title='bbox 466 1497 523 1533; x_wconf 87' lang='lat' dir='ltr'>cui</span> <span class='ocrx_word' id='word_1_87' title='bbox 545 1496 651 1537; x_wconf 75' lang='lat' dir='ltr'>filius,</span> <span class='ocrx_word' id='word_1_88' title='bbox 712 1484 718 1491; x_wconf 89' lang='lat'><em>&#39;</em></span> 
     </span>
     <span class='ocr_line' id='line_1_26' title="bbox 301 1553 702 1601; baseline 0.002 -13"><span class='ocrx_word' id='word_1_89' title='bbox 301 1553 471 1601; x_wconf 86' lang='lat' dir='ltr'>humique</span> <span class='ocrx_word' id='word_1_90' title='bbox 490 1554 587 1590; x_wconf 88' lang='lat' dir='ltr'>venit</span> <span class='ocrx_word' id='word_1_91' title='bbox 608 1559 702 1594; x_wconf 89' lang='lat' dir='ltr'>ortu,</span> 
     </span>
     <span class='ocr_line' id='line_1_27' title="bbox 300 1609 774 1658; baseline 0.004 -13"><span class='ocrx_word' id='word_1_92' title='bbox 300 1609 345 1645; x_wconf 91' lang='lat' dir='ltr'>Ut</span> <span class='ocrx_word' id='word_1_93' title='bbox 366 1609 478 1646; x_wconf 78' lang='lat' dir='ltr'>frater</span> <span class='ocrx_word' id='word_1_94' title='bbox 498 1610 604 1650; x_wconf 85' lang='lat' dir='ltr'>esset,</span> <span class='ocrx_word' id='word_1_95' title='bbox 626 1610 774 1658; x_wconf 75' lang='lat' dir='ltr'>virginis</span> 
     </span>
     <span class='ocr_line' id='line_1_28' title="bbox 300 1666 716 1715; baseline 0.005 -14"><span class='ocrx_word' id='word_1_96' title='bbox 300 1672 407 1702; x_wconf 89' lang='lat' dir='ltr'>natus</span> <span class='ocrx_word' id='word_1_97' title='bbox 428 1666 576 1704; x_wconf 86' lang='lat' dir='ltr'>decente</span> <span class='ocrx_word' id='word_1_98' title='bbox 597 1673 716 1715; x_wconf 77' lang='lat' dir='ltr'>partu.</span> 
     </span>
     <span class='ocr_line' id='line_1_29' title="bbox 356 1716 788 1765; baseline 0.005 -7"><span class='ocrx_word' id='word_1_99' title='bbox 356 1722 496 1760; x_wconf 77' lang='lat' dir='ltr'>Virtute</span> <span class='ocrx_word' id='word_1_100' title='bbox 516 1716 610 1760; x_wconf 80' lang='lat' dir='ltr'>tecta</span> <span class='ocrx_word' id='word_1_101' title='bbox 632 1730 716 1760; x_wconf 88' lang='lat' dir='ltr'>tunc</span> <span class='ocrx_word' id='word_1_102' title='bbox 737 1725 788 1765; x_wconf 89' lang='lat' dir='ltr'>iit,</span> 
     </span>
     <span class='ocr_line' id='line_1_30' title="bbox 302 1779 825 1821; baseline 0.004 -6"><span class='ocrx_word' id='word_1_103' title='bbox 302 1779 453 1817; x_wconf 82' lang='lat' dir='ltr'>formam</span> <span class='ocrx_word' id='word_1_104' title='bbox 473 1791 586 1816; x_wconf 84' lang='lat' dir='ltr'>meam</span> <span class='ocrx_word' id='word_1_105' title='bbox 606 1781 710 1817; x_wconf 88' lang='lat' dir='ltr'>vilem</span> <span class='ocrx_word' id='word_1_106' title='bbox 731 1781 825 1821; x_wconf 86' lang='lat' dir='ltr'>tulit,</span> 
     </span>
     <span class='ocr_line' id='line_1_31' title="bbox 299 1837 1057 1890; baseline 0.001 -17"><span class='ocrx_word' id='word_1_107' title='bbox 299 1841 472 1885; x_wconf 83' lang='lat' dir='ltr'>capturus</span> <span class='ocrx_word' id='word_1_108' title='bbox 492 1837 558 1874; x_wconf 84' lang='lat' dir='ltr'>hac</span> <span class='ocrx_word' id='word_1_109' title='bbox 577 1837 779 1874; x_wconf 76' lang='lat' dir='ltr'>draconem.</span> <span class='ocrx_word' id='word_1_110' title='bbox 1053 1850 1057 1890; x_wconf 62' lang='grc' dir='ltr'>Ι</span> 
     </span>
    </p>
   </div>
   <div class='ocr_carea' id='block_1_8' title="bbox 1244 242 1833 632">
    <p class='ocr_par' dir='ltr' id='par_1_8' title="bbox 1244 242 1833 632">
     <span class='ocr_line' id='line_1_32' title="bbox 1244 242 1763 293; baseline 0.002 -11"><span class='ocrx_word' id='word_1_111' title='bbox 1244 247 1261 277; x_wconf 82' lang='grc'><strong>7</strong></span> <span class='ocrx_word' id='word_1_112' title='bbox 1298 242 1508 290; x_wconf 59' lang='lat' dir='ltr'>&lt;M‹›’‚‹11&#39;x1&#39;t</span> <span class='ocrx_word' id='word_1_113' title='bbox 1529 245 1606 286; x_wconf 82' lang='lat' dir='ltr'>ille,</span> <span class='ocrx_word' id='word_1_114' title='bbox 1622 247 1763 293; x_wconf 58' lang='lat' dir='ltr'>‘nitere</span> 
     </span>
     <span class='ocr_line' id='line_1_33' title="bbox 1295 303 1679 349; baseline 0.013 -15"><span class='ocrx_word' id='word_1_115' title='bbox 1295 303 1435 349; x_wconf 74' lang='lat' dir='ltr'>xitaque</span> <span class='ocrx_word' id='word_1_116' title='bbox 1458 314 1605 339; x_wconf 88' lang='lat' dir='ltr'>munero</span> <span class='ocrx_word' id='word_1_117' title='bbox 1629 310 1679 339; x_wconf 89' lang='lat' dir='ltr'>te:</span> 
     </span>
     <span class='ocr_line' id='line_1_34' title="bbox 1296 359 1829 401; baseline 0.006 -8"><span class='ocrx_word' id='word_1_118' title='bbox 1296 359 1424 394; x_wconf 79' lang='lat' dir='ltr'>Totum</span> <span class='ocrx_word' id='word_1_119' title='bbox 1448 359 1509 395; x_wconf 84' lang='lat' dir='ltr'>tihi</span> <span class='ocrx_word' id='word_1_120' title='bbox 1533 372 1611 395; x_wconf 78' lang='lat' dir='ltr'>unm</span> <span class='ocrx_word' id='word_1_121' title='bbox 1636 361 1737 397; x_wconf 74' lang='lat' dir='ltr'>trado</span> <span class='ocrx_word' id='word_1_122' title='bbox 1762 373 1829 401; x_wconf 85' lang='lat' dir='ltr'>me.</span> 
     </span>
     <span class='ocr_line' id='line_1_35' title="bbox 1295 414 1708 464; baseline 0.01 -16"><span class='ocrx_word' id='word_1_123' title='bbox 1295 414 1460 451; x_wconf 69' lang='lat' dir='ltr'>luctabor</span> <span class='ocrx_word' id='word_1_124' title='bbox 1482 416 1552 464; x_wconf 79' lang='lat' dir='ltr'>ipse</span> <span class='ocrx_word' id='word_1_125' title='bbox 1575 429 1640 464; x_wconf 83' lang='lat' dir='ltr'>pro</span> <span class='ocrx_word' id='word_1_126' title='bbox 1666 424 1708 453; x_wconf 92' lang='lat' dir='ltr'>te.</span> 
     </span>
     <span class='ocr_line' id='line_1_36' title="bbox 1351 471 1833 517; baseline 0.008 -11"><span class='ocrx_word' id='word_1_127' title='bbox 1351 471 1424 517; x_wconf 70' lang='lat' dir='ltr'>Ego</span> <span class='ocrx_word' id='word_1_128' title='bbox 1450 478 1531 507; x_wconf 74' lang='lat' dir='ltr'>tuus</span> <span class='ocrx_word' id='word_1_129' title='bbox 1553 474 1646 513; x_wconf 86' lang='lat' dir='ltr'>sum,</span> <span class='ocrx_word' id='word_1_130' title='bbox 1661 480 1698 510; x_wconf 90' lang='lat' dir='ltr'>tu</span> <span class='ocrx_word' id='word_1_131' title='bbox 1720 486 1833 516; x_wconf 54' lang='lat' dir='ltr'>menz,</span> 
     </span>
     <span class='ocr_line' id='line_1_37' title="bbox 1294 527 1714 568; baseline 0.014 -7"><span class='ocrx_word' id='word_1_132' title='bbox 1294 527 1352 562; x_wconf 85' lang='lat' dir='ltr'>uhi</span> <span class='ocrx_word' id='word_1_133' title='bbox 1375 529 1545 568; x_wconf 84' lang='lat' dir='ltr'>mancho,</span> <span class='ocrx_word' id='word_1_134' title='bbox 1561 535 1635 565; x_wconf 87' lang='lat' dir='ltr'>tute</span> <span class='ocrx_word' id='word_1_135' title='bbox 1658 531 1714 568; x_wconf 70' lang='lat' dir='ltr'>sis.</span> 
     </span>
     <span class='ocr_line' id='line_1_38' title="bbox 1292 586 1746 632; baseline 0.011 -15"><span class='ocrx_word' id='word_1_136' title='bbox 1292 595 1358 618; x_wconf 63' lang='lat' dir='ltr'>uos</span> <span class='ocrx_word' id='word_1_137' title='bbox 1381 586 1516 632; x_wconf 75' lang='lat' dir='ltr'>separet</span> <span class='ocrx_word' id='word_1_138' title='bbox 1538 597 1601 622; x_wconf 89' lang='lat' dir='ltr'>nec</span> <span class='ocrx_word' id='word_1_139' title='bbox 1624 588 1746 623; x_wconf 64' lang='lat' dir='ltr'>hostis.</span> 
     </span>
    </p>
   </div>
   <div class='ocr_carea' id='block_1_9' title="bbox 1239 658 1860 1042">
    <p class='ocr_par' dir='ltr' id='par_1_9' title="bbox 1239 658 1860 1042">
     <span class='ocr_line' id='line_1_39' title="bbox 1239 658 1790 708; baseline 0.015 -13"><span class='ocrx_word' id='word_1_140' title='bbox 1239 662 1260 695; x_wconf 82' lang='lat'>8</span> <span class='ocrx_word' id='word_1_141' title='bbox 1292 658 1411 700; x_wconf 80' lang='lat' dir='ltr'>Meum</span> <span class='ocrx_word' id='word_1_142' title='bbox 1434 675 1598 701; x_wconf 87' lang='lat' dir='ltr'>cruorem</span> <span class='ocrx_word' id='word_1_143' title='bbox 1622 666 1790 708; x_wconf 82' lang='lat' dir='ltr'>fuderint,</span> 
     </span>
     <span class='ocr_line' id='line_1_40' title="bbox 1289 719 1704 768; baseline 0.012 -15"><span class='ocrx_word' id='word_1_144' title='bbox 1289 719 1557 768; x_wconf 77' lang='lat' dir='ltr'>ademeriutque</span> <span class='ocrx_word' id='word_1_145' title='bbox 1580 723 1704 758; x_wconf 76' lang='lat' dir='ltr'>vitam:</span> 
     </span>
     <span class='ocr_line' id='line_1_41' title="bbox 1289 775 1850 825; baseline 0.012 -15"><span class='ocrx_word' id='word_1_146' title='bbox 1289 775 1357 811; x_wconf 88' lang='lat' dir='ltr'>Pro</span> <span class='ocrx_word' id='word_1_147' title='bbox 1382 782 1415 812; x_wconf 94' lang='lat' dir='ltr'>te</span> <span class='ocrx_word' id='word_1_148' title='bbox 1437 777 1548 813; x_wconf 77' lang='lat' dir='ltr'>feram</span> <span class='ocrx_word' id='word_1_149' title='bbox 1571 779 1666 825; x_wconf 80' lang='lat' dir='ltr'>quod</span> <span class='ocrx_word' id='word_1_150' title='bbox 1690 780 1850 818; x_wconf 81' lang='lat' dir='ltr'>feceriut.</span> 
     </span>
     <span class='ocr_line' id='line_1_42' title="bbox 1287 832 1688 871; baseline 0.012 -5"><span class='ocrx_word' id='word_1_151' title='bbox 1287 832 1390 867; x_wconf 81' lang='lat' dir='ltr'>fidem</span> <span class='ocrx_word' id='word_1_152' title='bbox 1414 839 1533 870; x_wconf 89' lang='lat' dir='ltr'>teneto</span> <span class='ocrx_word' id='word_1_153' title='bbox 1557 840 1688 871; x_wconf 80' lang='lat' dir='ltr'>tutam:</span> 
     </span>
     <span class='ocr_line' id='line_1_43' title="bbox 1342 887 1860 938; baseline 0.012 -14"><span class='ocrx_word' id='word_1_154' title='bbox 1342 887 1541 938; x_wconf 77' lang='lat' dir='ltr'>El&#39;t.sorpta</span> <span class='ocrx_word' id='word_1_155' title='bbox 1563 903 1660 927; x_wconf 83' lang='lat' dir='ltr'>mors</span> <span class='ocrx_word' id='word_1_156' title='bbox 1683 893 1750 928; x_wconf 77' lang='lat' dir='ltr'>vita</span> <span class='ocrx_word' id='word_1_157' title='bbox 1774 905 1860 934; x_wconf 80' lang='lat' dir='ltr'>meu,</span> 
     </span>
     <span class='ocr_line' id='line_1_44' title="bbox 1286 945 1745 989; baseline 0.009 -8"><span class='ocrx_word' id='word_1_158' title='bbox 1286 945 1356 981; x_wconf 86' lang='lat' dir='ltr'>sert</span> <span class='ocrx_word' id='word_1_159' title='bbox 1377 947 1510 982; x_wconf 83' lang='lat' dir='ltr'>crimen</span> <span class='ocrx_word' id='word_1_160' title='bbox 1533 948 1745 989; x_wconf 78' lang='lat' dir='ltr'>innocentia,</span> 
     </span>
     <span class='ocr_line' id='line_1_45' title="bbox 1285 1003 1720 1042; baseline 0.011 -5"><span class='ocrx_word' id='word_1_161' title='bbox 1285 1003 1367 1039; x_wconf 88' lang='lat' dir='ltr'>hinc</span> <span class='ocrx_word' id='word_1_162' title='bbox 1390 1009 1426 1039; x_wconf 90' lang='lat' dir='ltr'>tu</span> <span class='ocrx_word' id='word_1_163' title='bbox 1448 1004 1542 1040; x_wconf 82' lang='lat' dir='ltr'>seras</span> <span class='ocrx_word' id='word_1_164' title='bbox 1563 1005 1720 1042; x_wconf 75' lang='lat' dir='ltr'>salutem.</span> 
     </span>
    </p>
   </div>
   <div class='ocr_carea' id='block_1_10' title="bbox 1233 1078 1826 1133">
    <p class='ocr_par' dir='ltr' id='par_1_10' title="bbox 1233 1078 1826 1133">
     <span class='ocr_line' id='line_1_46' title="bbox 1233 1078 1826 1133; baseline 0.013 -19"><span class='ocrx_word' id='word_1_165' title='bbox 1233 1083 1254 1114; x_wconf 72' lang='grc'><strong>9</strong></span> <span class='ocrx_word' id='word_1_166' title='bbox 1287 1078 1446 1121; x_wconf 50' lang='lat' dir='ltr'>¹&amp;scendo</span> <span class='ocrx_word' id='word_1_167' title='bbox 1469 1085 1593 1120; x_wconf 87' lang='lat' dir='ltr'>rursus</span> <span class='ocrx_word' id='word_1_168' title='bbox 1615 1085 1657 1121; x_wconf 84' lang='lat' dir='ltr'>ad</span> <span class='ocrx_word' id='word_1_169' title='bbox 1679 1091 1826 1133; x_wconf 77' lang='lat' dir='ltr'>putrem,</span> 
     </span>
    </p>
   </div>
   <div class='ocr_carea' id='block_1_11' title="bbox 1281 1140 1860 1461">
    <p class='ocr_par' dir='ltr' id='par_1_11' title="bbox 1282 1140 1758 1302">
     <span class='ocr_line' id='line_1_47' title="bbox 1285 1140 1758 1189; baseline 0.008 -15"><span class='ocrx_word' id='word_1_170' title='bbox 1285 1145 1319 1174; x_wconf 92' lang='lat' dir='ltr'>et</span> <span class='ocrx_word' id='word_1_171' title='bbox 1343 1140 1430 1176; x_wconf 81' lang='lat' dir='ltr'>hanc</span> <span class='ocrx_word' id='word_1_172' title='bbox 1451 1141 1616 1189; x_wconf 88' lang='lat' dir='ltr'>relinquo</span> <span class='ocrx_word' id='word_1_173' title='bbox 1640 1142 1758 1183; x_wconf 73' lang='lat' dir='ltr'>vitam,</span> 
     </span>
     <span class='ocr_line' id='line_1_48' title="bbox 1283 1196 1731 1244; baseline 0.009 -13"><span class='ocrx_word' id='word_1_174' title='bbox 1283 1196 1326 1231; x_wconf 71' lang='lat' dir='ltr'>t‘t</span> <span class='ocrx_word' id='word_1_175' title='bbox 1347 1197 1507 1244; x_wconf 78' lang='lat' dir='ltr'>pontifex</span> <span class='ocrx_word' id='word_1_176' title='bbox 1531 1204 1614 1234; x_wconf 86' lang='lat' dir='ltr'>tuus</span> <span class='ocrx_word' id='word_1_177' title='bbox 1635 1199 1731 1236; x_wconf 83' lang='lat' dir='ltr'>siem.</span> 
     </span>
     <span class='ocr_line' id='line_1_49' title="bbox 1282 1252 1734 1302; baseline 0.011 -15"><span class='ocrx_word' id='word_1_178' title='bbox 1282 1252 1565 1302; x_wconf 74' lang='lat' dir='ltr'>paraclitumque</span> <span class='ocrx_word' id='word_1_179' title='bbox 1586 1257 1734 1293; x_wconf 83' lang='lat' dir='ltr'>mittam,</span> 
     </span>
    </p>

    <p class='ocr_par' dir='ltr' id='par_1_12' title="bbox 1281 1310 1860 1461">
     <span class='ocr_line' id='line_1_50' title="bbox 1339 1310 1860 1355; baseline 0.012 -12"><span class='ocrx_word' id='word_1_180' title='bbox 1339 1310 1404 1354; x_wconf 80' lang='lat' dir='ltr'>Qui</span> <span class='ocrx_word' id='word_1_181' title='bbox 1429 1321 1485 1346; x_wconf 82' lang='lat' dir='ltr'>res</span> <span class='ocrx_word' id='word_1_182' title='bbox 1507 1311 1571 1347; x_wconf 85' lang='lat' dir='ltr'>tihi</span> <span class='ocrx_word' id='word_1_183' title='bbox 1595 1313 1736 1348; x_wconf 72' lang='lat' dir='ltr'>nuestus</span> <span class='ocrx_word' id='word_1_184' title='bbox 1759 1313 1860 1355; x_wconf 77' lang='lat' dir='ltr'>levet,</span> 
     </span>
     <span class='ocr_line' id='line_1_51' title="bbox 1281 1369 1785 1417; baseline 0.01 -16"><span class='ocrx_word' id='word_1_185' title='bbox 1281 1378 1336 1401; x_wconf 86' lang='lat' dir='ltr'>me</span> <span class='ocrx_word' id='word_1_186' title='bbox 1358 1369 1537 1403; x_wconf 81' lang='lat' dir='ltr'>notiorem</span> <span class='ocrx_word' id='word_1_187' title='bbox 1561 1370 1693 1417; x_wconf 87' lang='lat' dir='ltr'>quique</span> <span class='ocrx_word' id='word_1_188' title='bbox 1715 1370 1785 1409; x_wconf 82' lang='lat' dir='ltr'>det,</span> 
     </span>
     <span class='ocr_line' id='line_1_52' title="bbox 1281 1424 1621 1461; baseline 0.006 -3"><span class='ocrx_word' id='word_1_189' title='bbox 1281 1424 1316 1458; x_wconf 90' lang='lat' dir='ltr'>in</span> <span class='ocrx_word' id='word_1_190' title='bbox 1337 1426 1484 1460; x_wconf 80' lang='lat' dir='ltr'>veritate</span> <span class='ocrx_word' id='word_1_191' title='bbox 1506 1424 1621 1461; x_wconf 76' lang='lat' dir='ltr'>ducat.</span> 
     </span>
    </p>
   </div>
   <div class='ocr_carea' id='block_1_12' title="bbox 1202 1498 1793 1552">
    <p class='ocr_par' dir='ltr' id='par_1_13' title="bbox 1202 1498 1793 1552">
     <span class='ocr_line' id='line_1_53' title="bbox 1202 1498 1793 1552; baseline 0.01 -16"><span class='ocrx_word' id='word_1_192' title='bbox 1202 1503 1242 1535; x_wconf 74' lang='lat'>10</span> <span class='ocrx_word' id='word_1_193' title='bbox 1276 1498 1377 1548; x_wconf 72' lang='lat' dir='ltr'>Quod</span> <span class='ocrx_word' id='word_1_194' title='bbox 1398 1504 1470 1551; x_wconf 89' lang='lat' dir='ltr'>ipse</span> <span class='ocrx_word' id='word_1_195' title='bbox 1493 1504 1576 1544; x_wconf 84' lang='lat' dir='ltr'>feci,</span> <span class='ocrx_word' id='word_1_196' title='bbox 1601 1505 1695 1552; x_wconf 83' lang='lat' dir='ltr'>quod</span> <span class='ocrx_word' id='word_1_197' title='bbox 1720 1506 1793 1546; x_wconf 87' lang='lat' dir='ltr'>tuli.</span> 
     </span>
    </p>
   </div>
   <div class='ocr_carea' id='block_1_13' title="bbox 1277 1560 1820 1893">
    <p class='ocr_par' dir='ltr' id='par_1_14' title="bbox 1280 1560 1637 1608">
     <span class='ocr_line' id='line_1_54' title="bbox 1280 1560 1637 1608; baseline 0.008 -14"><span class='ocrx_word' id='word_1_198' title='bbox 1280 1560 1371 1595; x_wconf 83' lang='lat' dir='ltr'>idem</span> <span class='ocrx_word' id='word_1_199' title='bbox 1395 1560 1458 1596; x_wconf 86' lang='lat' dir='ltr'>tibi</span> <span class='ocrx_word' id='word_1_200' title='bbox 1481 1567 1637 1608; x_wconf 78' lang='lat' dir='ltr'>geratur,</span> 
     </span>
    </p>

    <p class='ocr_par' dir='ltr' id='par_1_15' title="bbox 1279 1616 1699 1664">
     <span class='ocr_line' id='line_1_55' title="bbox 1279 1616 1699 1664; baseline 0.007 -13"><span class='ocrx_word' id='word_1_201' title='bbox 1279 1616 1388 1652; x_wconf 73' lang='lat' dir='ltr'>Unius</span> <span class='ocrx_word' id='word_1_202' title='bbox 1411 1623 1450 1652; x_wconf 87' lang='lat' dir='ltr'>ut</span> <span class='ocrx_word' id='word_1_203' title='bbox 1472 1629 1623 1664; x_wconf 81' lang='lat' dir='ltr'>regumn</span> <span class='ocrx_word' id='word_1_204' title='bbox 1644 1619 1699 1654; x_wconf 88' lang='lat' dir='ltr'>dei</span> 
     </span>
    </p>

    <p class='ocr_par' dir='ltr' id='par_1_16' title="bbox 1278 1673 1789 1777">
     <span class='ocr_line' id='line_1_56' title="bbox 1278 1673 1734 1722; baseline 0.007 -14"><span class='ocrx_word' id='word_1_205' title='bbox 1278 1684 1357 1708; x_wconf 85' lang='lat' dir='ltr'>cum</span> <span class='ocrx_word' id='word_1_206' title='bbox 1379 1673 1483 1709; x_wconf 79' lang='lat' dir='ltr'>laude</span> <span class='ocrx_word' id='word_1_207' title='bbox 1503 1676 1734 1722; x_wconf 75' lang='lat' dir='ltr'>provehatur.</span> 
     </span>
     <span class='ocr_line' id='line_1_57' title="bbox 1335 1729 1789 1777; baseline 0.009 -13"><span class='ocrx_word' id='word_1_208' title='bbox 1335 1729 1449 1777; x_wconf 76' lang='lat' dir='ltr'>Leges</span> <span class='ocrx_word' id='word_1_209' title='bbox 1470 1742 1553 1766; x_wconf 77' lang='lat' dir='ltr'>cave</span> <span class='ocrx_word' id='word_1_210' title='bbox 1574 1732 1789 1771; x_wconf 75' lang='lat' dir='ltr'>mortalium,</span> 
     </span>
    </p>

    <p class='ocr_par' dir='ltr' id='par_1_17' title="bbox 1279 1786 1820 1834">
     <span class='ocr_line' id='line_1_58' title="bbox 1279 1786 1820 1834; baseline 0.006 -13"><span class='ocrx_word' id='word_1_211' title='bbox 1279 1786 1435 1834; x_wconf 83' lang='lat' dir='ltr'>perdunt</span> <span class='ocrx_word' id='word_1_212' title='bbox 1457 1788 1594 1824; x_wconf 78' lang='lat' dir='ltr'>sacrum</span> <span class='ocrx_word' id='word_1_213' title='bbox 1615 1789 1820 1829; x_wconf 86' lang='lat' dir='ltr'>cliuodium,</span> 
     </span>
    </p>

    <p class='ocr_par' dir='ltr' id='par_1_18' title="bbox 1277 1843 1778 1893">
     <span class='ocr_line' id='line_1_59' title="bbox 1277 1843 1778 1893; baseline 0.008 -15"><span class='ocrx_word' id='word_1_214' title='bbox 1277 1843 1374 1890; x_wconf 88' lang='lat' dir='ltr'>quod</span> <span class='ocrx_word' id='word_1_215' title='bbox 1395 1843 1560 1880; x_wconf 88' lang='lat' dir='ltr'>ultimum</span> <span class='ocrx_word' id='word_1_216' title='bbox 1581 1845 1778 1893; x_wconf 86' lang='lat' dir='ltr'>relinquo.&#39;</span> 
     </span>
    </p>
   </div>
   <div class='ocr_carea' id='block_1_14' title="bbox 97 1936 2017 1986">
    <p class='ocr_par' dir='ltr' id='par_1_19' title="bbox 97 1936 2017 1986">
     <span class='ocr_line' id='line_1_60' title="bbox 97 1936 2017 1986; baseline 0.006 -19"><span class='ocrx_word' id='word_1_217' title='bbox 97 1936 120 1967; x_wconf 78' lang='lat' dir='ltr'>A</span> <span class='ocrx_word' id='word_1_218' title='bbox 137 1938 227 1969; x_wconf 60' lang='lat' dir='ltr'>{Btatt</span> <span class='ocrx_word' id='word_1_219' title='bbox 245 1940 286 1967; x_wconf 82' lang='lat'>¹8.</span> <span class='ocrx_word' id='word_1_220' title='bbox 312 1936 334 1968; x_wconf 91' lang='lat' dir='ltr'>B</span> <span class='ocrx_word' id='word_1_221' title='bbox 351 1939 442 1970; x_wconf 64' lang='lat' dir='ltr'>2810st</span> <span class='ocrx_word' id='word_1_222' title='bbox 458 1941 501 1970; x_wconf 85' lang='lat'>36.</span> <span class='ocrx_word' id='word_1_223' title='bbox 526 1941 730 1978; x_wconf 54' lang='lat' dir='ltr'>Uebett&#39;ezung</span> <span class='ocrx_word' id='word_1_224' title='bbox 747 1944 794 1971; x_wconf 64' lang='lat' dir='ltr'>hee</span> <span class='ocrx_word' id='word_1_225' title='bbox 811 1941 905 1971; x_wconf 60' lang='lat' dir='ltr'>&amp;em</span> <span class='ocrx_word' id='word_1_226' title='bbox 924 1941 1016 1979; x_wconf 60' lang='lat' dir='ltr'>⁴istun</span> <span class='ocrx_word' id='word_1_227' title='bbox 1036 1943 1136 1976; x_wconf 73' lang='lat' dir='ltr'>fremet</span> <span class='ocrx_word' id='word_1_228' title='bbox 1154 1946 1217 1981; x_wconf 69' lang='lat' dir='ltr'>eud)</span> <span class='ocrx_word' id='word_1_229' title='bbox 1235 1943 1306 1975; x_wconf 62' lang='lat' dir='ltr'>tietoe</span> <span class='ocrx_word' id='word_1_230' title='bbox 1325 1945 1458 1983; x_wconf 63' lang='lat' dir='ltr'>(ibi-isim</span> <span class='ocrx_word' id='word_1_231' title='bbox 1477 1943 1616 1984; x_wconf 74' lang='lat' dir='ltr'>gemein&#39;.</span> <span class='ocrx_word' id='word_1_232' title='bbox 1643 1946 1664 1976; x_wconf 79' lang='lat' dir='ltr'>B</span> <span class='ocrx_word' id='word_1_233' title='bbox 1683 1949 1733 1986; x_wconf 64' lang='lat' dir='ltr'>bat</span> <span class='ocrx_word' id='word_1_234' title='bbox 1750 1948 1790 1978; x_wconf 58' lang='lat' dir='ltr'>bie</span> <span class='ocrx_word' id='word_1_235' title='bbox 1810 1949 1998 1978; x_wconf 63' lang='lat' dir='ltr'>lietertffirift</span> <span class='ocrx_word' id='word_1_236' title='bbox 2013 1961 2017 1965; x_wconf 88' lang='lat'><strong>·</strong></span> 
     </span>
    </p>
   </div>
   <div class='ocr_carea' id='block_1_15' title="bbox 98 1981 1580 2031">
    <p class='ocr_par' dir='ltr' id='par_1_20' title="bbox 98 1981 1580 2031">
     <span class='ocr_line' id='line_1_61' title="bbox 98 1981 1580 2031; baseline 0.007 -19"><span class='ocrx_word' id='word_1_237' title='bbox 98 1981 142 2012; x_wconf 88' lang='lat' dir='ltr'>De</span> <span class='ocrx_word' id='word_1_238' title='bbox 159 1981 298 2013; x_wconf 78' lang='lat' dir='ltr'>bonitate</span> <span class='ocrx_word' id='word_1_239' title='bbox 316 1982 365 2013; x_wconf 87' lang='lat' dir='ltr'>dei</span> <span class='ocrx_word' id='word_1_240' title='bbox 385 1987 413 2014; x_wconf 88' lang='lat' dir='ltr'>et</span> <span class='ocrx_word' id='word_1_241' title='bbox 429 1982 593 2023; x_wconf 54' lang='lat' dir='ltr'>beneficiis</span> <span class='ocrx_word' id='word_1_242' title='bbox 610 1983 725 2016; x_wconf 81' lang='lat' dir='ltr'>Christi</span> <span class='ocrx_word' id='word_1_243' title='bbox 743 1985 773 2015; x_wconf 92' lang='lat' dir='ltr'>iu</span> <span class='ocrx_word' id='word_1_244' title='bbox 792 1985 987 2017; x_wconf 80' lang='lat' dir='ltr'>redemtione</span> <span class='ocrx_word' id='word_1_245' title='bbox 1005 1988 1123 2023; x_wconf 77' lang='lat' dir='ltr'>nostra,</span> <span class='ocrx_word' id='word_1_246' title='bbox 1158 1990 1236 2020; x_wconf 66' lang='lat' dir='ltr'>’Bet-3</span> <span class='ocrx_word' id='word_1_247' title='bbox 1254 1993 1298 2020; x_wconf 62' lang='grc' dir='ltr'>ΒΑ</span> <span class='ocrx_word' id='word_1_248' title='bbox 1317 1990 1580 2031; x_wconf 80' lang='lat' dir='ltr'>paracietumque.</span> 
     </span>
    </p>
   </div>
   <div class='ocr_carea' id='block_1_16' title="bbox 417 2163 1692 2231">
    <p class='ocr_par' dir='ltr' id='par_1_21' title="bbox 417 2163 1692 2231">
     <span class='ocr_line' id='line_1_62' title="bbox 417 2163 1692 2231; baseline 0.005 -20"><span class='ocrx_word' id='word_1_249' title='bbox 417 2165 528 2212; x_wconf 88' lang='grc'><strong>599.</strong></span> <span class='ocrx_word' id='word_1_250' title='bbox 565 2163 644 2212; x_wconf 87' lang='lat' dir='ltr'>De</span> <span class='ocrx_word' id='word_1_251' title='bbox 678 2163 892 2230; x_wconf 82' lang='lat' dir='ltr'>persona</span> <span class='ocrx_word' id='word_1_252' title='bbox 929 2174 976 2215; x_wconf 83' lang='lat' dir='ltr'>et</span> <span class='ocrx_word' id='word_1_253' title='bbox 1007 2167 1175 2217; x_wconf 88' lang='lat' dir='ltr'>officio</span> <span class='ocrx_word' id='word_1_254' title='bbox 1215 2167 1421 2231; x_wconf 80' lang='lat' dir='ltr'>Christi,</span> <span class='ocrx_word' id='word_1_255' title='bbox 1459 2169 1513 2218; x_wconf 88' lang='lat' dir='ltr'>in</span> <span class='ocrx_word' id='word_1_256' title='bbox 1548 2188 1692 2218; x_wconf 88' lang='lat' dir='ltr'>reno-</span> 
     </span>
    </p>
   </div>
   <div class='ocr_carea' id='block_1_17' title="bbox 643 2258 1456 2312">
    <p class='ocr_par' dir='ltr' id='par_1_22' title="bbox 643 2258 1456 2312">
     <span class='ocr_line' id='line_1_63' title="bbox 643 2258 1456 2312; baseline 0.007 -17"><span class='ocrx_word' id='word_1_257' title='bbox 643 2258 794 2297; x_wconf 79' lang='lat' dir='ltr'>vatione</span> <span class='ocrx_word' id='word_1_258' title='bbox 817 2261 963 2305; x_wconf 80' lang='lat' dir='ltr'>nostra,</span> <span class='ocrx_word' id='word_1_259' title='bbox 986 2272 1057 2311; x_wconf 87' lang='lat' dir='ltr'>per</span> <span class='ocrx_word' id='word_1_260' title='bbox 1078 2262 1251 2312; x_wconf 83' lang='lat' dir='ltr'>spiritum</span> <span class='ocrx_word' id='word_1_261' title='bbox 1273 2265 1456 2301; x_wconf 80' lang='lat' dir='ltr'>sanctum.</span> 
     </span>
    </p>
   </div>
   <div class='ocr_carea' id='block_1_18' title="bbox 315 2344 890 2760">
    <p class='ocr_par' dir='ltr' id='par_1_23' title="bbox 315 2344 890 2760">
     <span class='ocr_line' id='line_1_64' title="bbox 318 2344 689 2421; baseline 0.005 -15"><span class='ocrx_word' id='word_1_262' title='bbox 318 2344 429 2412; x_wconf 77' lang='lat' dir='ltr'>lEsu,</span> <span class='ocrx_word' id='word_1_263' title='bbox 451 2371 518 2408; x_wconf 83' lang='lat' dir='ltr'>(leo</span> <span class='ocrx_word' id='word_1_264' title='bbox 539 2378 689 2421; x_wconf 85' lang='lat' dir='ltr'>parente</span> 
     </span>
     <span class='ocr_line' id='line_1_65' title="bbox 318 2428 654 2475; baseline 0.006 -12"><span class='ocrx_word' id='word_1_265' title='bbox 318 2439 391 2475; x_wconf 80' lang='lat' dir='ltr'>prae</span> <span class='ocrx_word' id='word_1_266' title='bbox 412 2428 550 2465; x_wconf 82' lang='lat' dir='ltr'>raeculis</span> <span class='ocrx_word' id='word_1_267' title='bbox 571 2429 654 2469; x_wconf 85' lang='lat' dir='ltr'>sate,</span> 
     </span>
     <span class='ocr_line' id='line_1_66' title="bbox 316 2484 740 2526; baseline 0.005 -6"><span class='ocrx_word' id='word_1_268' title='bbox 316 2484 363 2520; x_wconf 90' lang='lat' dir='ltr'>Ex</span> <span class='ocrx_word' id='word_1_269' title='bbox 384 2485 490 2521; x_wconf 91' lang='lat' dir='ltr'>huius</span> <span class='ocrx_word' id='word_1_270' title='bbox 511 2492 589 2522; x_wconf 90' lang='lat' dir='ltr'>orte</span> <span class='ocrx_word' id='word_1_271' title='bbox 611 2492 740 2526; x_wconf 88' lang='lat' dir='ltr'>mente,</span> 
     </span>
     <span class='ocr_line' id='line_1_67' title="bbox 317 2544 621 2590; baseline 0.007 -14"><span class='ocrx_word' id='word_1_272' title='bbox 317 2546 442 2578; x_wconf 86' lang='lat' dir='ltr'>tenore</span> <span class='ocrx_word' id='word_1_273' title='bbox 463 2544 621 2590; x_wconf 76' lang='lat' dir='ltr'>paginae:</span> 
     </span>
     <span class='ocr_line' id='line_1_68' title="bbox 372 2597 890 2647; baseline 0.004 -13"><span class='ocrx_word' id='word_1_274' title='bbox 372 2597 425 2634; x_wconf 89' lang='lat' dir='ltr'>Tu</span> <span class='ocrx_word' id='word_1_275' title='bbox 447 2598 547 2634; x_wconf 83' lang='lat' dir='ltr'>stella</span> <span class='ocrx_word' id='word_1_276' title='bbox 567 2609 669 2635; x_wconf 87' lang='lat' dir='ltr'>mane</span> <span class='ocrx_word' id='word_1_277' title='bbox 690 2599 890 2647; x_wconf 65' lang='lat' dir='ltr'>splendens,</span> 
     </span>
     <span class='ocr_line' id='line_1_69' title="bbox 317 2655 754 2696; baseline 0.007 -7"><span class='ocrx_word' id='word_1_278' title='bbox 317 2659 398 2690; x_wconf 89' lang='lat' dir='ltr'>ortu</span> <span class='ocrx_word' id='word_1_279' title='bbox 420 2656 573 2691; x_wconf 83' lang='lat' dir='ltr'>micante</span> <span class='ocrx_word' id='word_1_280' title='bbox 596 2655 754 2696; x_wconf 84' lang='lat' dir='ltr'>tendens,</span> 
     </span>
     <span class='ocr_line' id='line_1_70' title="bbox 315 2711 738 2760; baseline 0.005 -14"><span class='ocrx_word' id='word_1_281' title='bbox 315 2722 388 2758; x_wconf 82' lang='lat' dir='ltr'>prae</span> <span class='ocrx_word' id='word_1_282' title='bbox 410 2711 572 2760; x_wconf 88' lang='lat' dir='ltr'>relliquis</span> <span class='ocrx_word' id='word_1_283' title='bbox 593 2712 738 2760; x_wconf 86' lang='lat' dir='ltr'>procul:</span> 
     </span>
    </p>
   </div>
   <div class='ocr_carea' id='block_1_19' title="bbox 259 2785 802 3178">
    <p class='ocr_par' dir='ltr' id='par_1_24' title="bbox 259 2785 802 3178">
     <span class='ocr_line' id='line_1_71' title="bbox 259 2785 766 2839; baseline 0.004 -13"><span class='ocrx_word' id='word_1_284' title='bbox 259 2791 279 2822; x_wconf 76' lang='lat'>‘2</span> <span class='ocrx_word' id='word_1_285' title='bbox 311 2785 496 2839; x_wconf 78' lang='lat' dir='ltr'>flomoque</span> <span class='ocrx_word' id='word_1_286' title='bbox 519 2797 600 2827; x_wconf 85' lang='lat' dir='ltr'>nate</span> <span class='ocrx_word' id='word_1_287' title='bbox 623 2791 766 2831; x_wconf 81' lang='lat' dir='ltr'>mundo,</span> 
     </span>
     <span class='ocr_line' id='line_1_72' title="bbox 314 2847 676 2896; baseline 0.011 -14"><span class='ocrx_word' id='word_1_288' title='bbox 314 2847 349 2882; x_wconf 90' lang='lat' dir='ltr'>iu</span> <span class='ocrx_word' id='word_1_289' title='bbox 371 2848 481 2883; x_wconf 80' lang='lat' dir='ltr'>stante</span> <span class='ocrx_word' id='word_1_290' title='bbox 504 2854 676 2896; x_wconf 86' lang='lat' dir='ltr'>tempore,</span> 
     </span>
     <span class='ocr_line' id='line_1_73' title="bbox 313 2903 739 2952; baseline 0.002 -14"><span class='ocrx_word' id='word_1_291' title='bbox 313 2903 360 2939; x_wconf 83' lang='lat' dir='ltr'>De</span> <span class='ocrx_word' id='word_1_292' title='bbox 382 2909 495 2941; x_wconf 84' lang='lat' dir='ltr'>matre</span> <span class='ocrx_word' id='word_1_293' title='bbox 516 2905 739 2952; x_wconf 84' lang='lat' dir='ltr'>prodeundo,</span> 
     </span>
     <span class='ocr_line' id='line_1_74' title="bbox 314 2962 651 3008; baseline 0.009 -15"><span class='ocrx_word' id='word_1_294' title='bbox 314 2966 477 2996; x_wconf 78' lang='lat' dir='ltr'>manente</span> <span class='ocrx_word' id='word_1_295' title='bbox 499 2962 651 3008; x_wconf 77' lang='lat' dir='ltr'>virgine:</span> 
     </span>
     <span class='ocr_line' id='line_1_75' title="bbox 368 3015 802 3058; baseline 0.007 -7"><span class='ocrx_word' id='word_1_296' title='bbox 368 3015 505 3053; x_wconf 81' lang='lat' dir='ltr'>Pessum</span> <span class='ocrx_word' id='word_1_297' title='bbox 527 3028 647 3053; x_wconf 80' lang='lat' dir='ltr'>necem</span> <span class='ocrx_word' id='word_1_298' title='bbox 667 3017 802 3058; x_wconf 79' lang='lat' dir='ltr'>dedisti,</span> 
     </span>
     <span class='ocr_line' id='line_1_76' title="bbox 311 3073 688 3121; baseline 0.008 -14"><span class='ocrx_word' id='word_1_299' title='bbox 311 3073 488 3121; x_wconf 81' lang='lat' dir='ltr'>vitamque</span> <span class='ocrx_word' id='word_1_300' title='bbox 510 3073 688 3112; x_wconf 79' lang='lat' dir='ltr'>rettulisti,</span> 
     </span>
     <span class='ocr_line' id='line_1_77' title="bbox 312 3128 656 3178; baseline 0.006 -14"><span class='ocrx_word' id='word_1_301' title='bbox 312 3128 409 3165; x_wconf 76' lang='lat' dir='ltr'>caelis</span> <span class='ocrx_word' id='word_1_302' title='bbox 432 3130 656 3178; x_wconf 80' lang='lat' dir='ltr'>patentibus:</span> 
     </span>
    </p>
   </div>
   <div class='ocr_carea' id='block_1_20' title="bbox 1238 2375 1797 2755">
    <p class='ocr_par' dir='ltr' id='par_1_25' title="bbox 1238 2375 1797 2755">
     <span class='ocr_line' id='line_1_78' title="bbox 1238 2375 1637 2416; baseline 0.005 -4"><span class='ocrx_word' id='word_1_303' title='bbox 1238 2380 1258 2412; x_wconf 89' lang='lat'><strong>3</strong></span> <span class='ocrx_word' id='word_1_304' title='bbox 1291 2375 1341 2416; x_wconf 82' lang='lat' dir='ltr'>Da</span> <span class='ocrx_word' id='word_1_305' title='bbox 1363 2379 1535 2415; x_wconf 72' lang='lat' dir='ltr'>charitate</span> <span class='ocrx_word' id='word_1_306' title='bbox 1557 2390 1637 2414; x_wconf 71' lang='lat' dir='ltr'>vere</span> 
     </span>
     <span class='ocr_line' id='line_1_79' title="bbox 1295 2435 1627 2483; baseline 0.012 -13"><span class='ocrx_word' id='word_1_307' title='bbox 1295 2435 1434 2483; x_wconf 81' lang='lat' dir='ltr'>fideque</span> <span class='ocrx_word' id='word_1_308' title='bbox 1457 2436 1627 2474; x_wconf 82' lang='lat' dir='ltr'>crescere.</span> 
     </span>
     <span class='ocr_line' id='line_1_80' title="bbox 1292 2492 1737 2531; baseline -0.002 -4"><span class='ocrx_word' id='word_1_309' title='bbox 1292 2492 1363 2527; x_wconf 80' lang='lat' dir='ltr'>Nos</span> <span class='ocrx_word' id='word_1_310' title='bbox 1386 2504 1425 2528; x_wconf 82' lang='lat' dir='ltr'>uc</span> <span class='ocrx_word' id='word_1_311' title='bbox 1447 2492 1481 2528; x_wconf 82' lang='lat' dir='ltr'>in&#39;</span> <span class='ocrx_word' id='word_1_312' title='bbox 1504 2492 1559 2528; x_wconf 78' lang='lat' dir='ltr'>his</span> <span class='ocrx_word' id='word_1_313' title='bbox 1584 2502 1737 2531; x_wconf 77' lang='lat' dir='ltr'>manere,</span> 
     </span>
     <span class='ocr_line' id='line_1_81' title="bbox 1294 2550 1613 2596; baseline 0.003 -13"><span class='ocrx_word' id='word_1_314' title='bbox 1294 2555 1441 2596; x_wconf 71' lang='lat' dir='ltr'>regente</span> <span class='ocrx_word' id='word_1_315' title='bbox 1463 2550 1613 2588; x_wconf 76' lang='lat' dir='ltr'>flamine,</span> 
     </span>
     <span class='ocr_line' id='line_1_82' title="bbox 1350 2605 1797 2644; baseline 0 -4"><span class='ocrx_word' id='word_1_316' title='bbox 1350 2605 1536 2641; x_wconf 75' lang='lat' dir='ltr'>Guttemus</span> <span class='ocrx_word' id='word_1_317' title='bbox 1558 2605 1650 2641; x_wconf 81' lang='lat' dir='ltr'>uude</span> <span class='ocrx_word' id='word_1_318' title='bbox 1673 2606 1797 2644; x_wconf 72' lang='lat' dir='ltr'>vivam,</span> 
     </span>
     <span class='ocr_line' id='line_1_83' title="bbox 1291 2662 1691 2709; baseline 0.003 -13"><span class='ocrx_word' id='word_1_319' title='bbox 1291 2662 1428 2697; x_wconf 75' lang='lat' dir='ltr'>sitimus</span> <span class='ocrx_word' id='word_1_320' title='bbox 1450 2668 1556 2709; x_wconf 79' lang='lat' dir='ltr'>atque</span> <span class='ocrx_word' id='word_1_321' title='bbox 1579 2662 1691 2698; x_wconf 75' lang='lat' dir='ltr'>divam</span> 
     </span>
     <span class='ocr_line' id='line_1_84' title="bbox 1291 2718 1643 2755; baseline 0.003 -3"><span class='ocrx_word' id='word_1_322' title='bbox 1291 2718 1512 2754; x_wconf 73' lang='lat' dir='ltr'>dulcedinem</span> <span class='ocrx_word' id='word_1_323' title='bbox 1537 2725 1643 2755; x_wconf 76' lang='lat' dir='ltr'>tuam.</span> 
     </span>
    </p>
   </div>
   <div class='ocr_carea' id='block_1_21' title="bbox 1233 2793 1814 3174">
    <p class='ocr_par' dir='ltr' id='par_1_26' title="bbox 1233 2793 1814 3174">
     <span class='ocr_line' id='line_1_85' title="bbox 1233 2793 1736 2837; baseline 0.014 -8"><span class='ocrx_word' id='word_1_324' title='bbox 1233 2799 1253 2829; x_wconf 70' lang='lat'><strong>4</strong></span> <span class='ocrx_word' id='word_1_325' title='bbox 1287 2793 1418 2835; x_wconf 79' lang='lat' dir='ltr'>Rerum</span> <span class='ocrx_word' id='word_1_326' title='bbox 1440 2802 1582 2833; x_wconf 80' lang='lat' dir='ltr'>creator</span> <span class='ocrx_word' id='word_1_327' title='bbox 1603 2804 1736 2837; x_wconf 79' lang='lat' dir='ltr'>extans.</span> 
     </span>
     <span class='ocr_line' id='line_1_86' title="bbox 1290 2854 1593 2901; baseline 0.013 -15"><span class='ocrx_word' id='word_1_328' title='bbox 1290 2855 1399 2901; x_wconf 75' lang='lat' dir='ltr'>putris</span> <span class='ocrx_word' id='word_1_329' title='bbox 1423 2854 1593 2900; x_wconf 82' lang='lat' dir='ltr'>potentia.</span> 
     </span>
     <span class='ocr_line' id='line_1_87' title="bbox 1288 2910 1814 2949; baseline 0.01 -5"><span class='ocrx_word' id='word_1_330' title='bbox 1288 2910 1322 2944; x_wconf 90' lang='lat' dir='ltr'>lu</span> <span class='ocrx_word' id='word_1_331' title='bbox 1345 2916 1472 2946; x_wconf 79' lang='lat' dir='ltr'>cuncta</span> <span class='ocrx_word' id='word_1_332' title='bbox 1495 2910 1594 2947; x_wconf 62' lang='lat' dir='ltr'>sancta</span> <span class='ocrx_word' id='word_1_333' title='bbox 1617 2923 1697 2949; x_wconf 81' lang='lat' dir='ltr'>rex.</span> <span class='ocrx_word' id='word_1_334' title='bbox 1720 2913 1814 2949; x_wconf 76' lang='lat' dir='ltr'>nans</span> 
     </span>
     <span class='ocr_line' id='line_1_88' title="bbox 1287 2968 1606 3014; baseline 0.016 -15"><span class='ocrx_word' id='word_1_335' title='bbox 1287 2968 1416 3001; x_wconf 64' lang='lat' dir='ltr'>virtute</span> <span class='ocrx_word' id='word_1_336' title='bbox 1439 2969 1606 3014; x_wconf 82' lang='lat' dir='ltr'>propria:</span> 
     </span>
     <span class='ocr_line' id='line_1_89' title="bbox 1341 3022 1741 3062; baseline 0.01 -5"><span class='ocrx_word' id='word_1_337' title='bbox 1341 3022 1392 3057; x_wconf 75' lang='lat' dir='ltr'>Ad</span> <span class='ocrx_word' id='word_1_338' title='bbox 1415 3028 1449 3057; x_wconf 88' lang='lat' dir='ltr'>te</span> <span class='ocrx_word' id='word_1_339' title='bbox 1470 3024 1613 3060; x_wconf 81' lang='lat' dir='ltr'>reflecte</span> <span class='ocrx_word' id='word_1_340' title='bbox 1633 3025 1741 3062; x_wconf 73' lang='lat' dir='ltr'>conta</span> 
     </span>
     <span class='ocr_line' id='line_1_90' title="bbox 1285 3082 1687 3121; baseline 0.02 -10"><span class='ocrx_word' id='word_1_341' title='bbox 1285 3084 1318 3114; x_wconf 77' lang='lat' dir='ltr'>et</span> <span class='ocrx_word' id='word_1_342' title='bbox 1340 3085 1437 3114; x_wconf 77' lang='lat' dir='ltr'>verte</span> <span class='ocrx_word' id='word_1_343' title='bbox 1460 3082 1553 3116; x_wconf 79' lang='lat' dir='ltr'>t&#39;eut&#39;a</span> <span class='ocrx_word' id='word_1_344' title='bbox 1576 3082 1687 3121; x_wconf 75' lang='lat' dir='ltr'>tarda.</span> 
     </span>
     <span class='ocr_line' id='line_1_91' title="bbox 1284 3134 1682 3174; baseline 0.005 -4"><span class='ocrx_word' id='word_1_345' title='bbox 1284 3134 1346 3170; x_wconf 73' lang='lat' dir='ltr'>ahs</span> <span class='ocrx_word' id='word_1_346' title='bbox 1370 3141 1403 3171; x_wconf 87' lang='lat' dir='ltr'>te</span> <span class='ocrx_word' id='word_1_347' title='bbox 1425 3147 1490 3172; x_wconf 82' lang='lat' dir='ltr'>nec</span> <span class='ocrx_word' id='word_1_348' title='bbox 1511 3137 1682 3174; x_wconf 85' lang='lat' dir='ltr'>orbitent.</span> 
     </span>
    </p>
   </div>
  </div>
 </body>
</html>
