2317 3534
122 154 195 185 Nro.
213 157 273 186 469.

895 153 1101 192 fanniana
1125 152 1251 194 Banu.

1955 159 2036 197 277

261 2668 278 2699 κ)

306 2175 459 2213 panem,
482 2165 603 2202 vinum
624 2168 659 2202 in
682 2167 830 2204 salutem

525 295 637 341 469.
679 292 950 357 Sequentia
987 292 1047 341 (le
1088 290 1396 344 sacramento
1435 294 1624 357 altaris,

981 380 1170 413 correcta.

321 462 478 527 LAuda,
502 486 590 524 Sion
601 515 609 527 ,
632 487 856 528 salvatorem,

320 544 423 580 lauda
445 544 571 580 ducem
592 550 629 579 et
649 545 828 592 pastorem

321 602 357 636 in
378 600 519 648 hymnis
541 605 578 636 et
598 601 759 637 canticis.

320 653 497 702 Quantum
519 656 614 693 vales
637 662 774 693 tantum
797 658 893 699 aude,

320 712 402 761 quia
423 713 537 749 maior
558 713 654 749 omni
675 713 780 751 laude

319 781 360 806 ac
380 769 526 806 laudare
546 769 694 807 sufficis.

318 845 404 888 Nam
425 848 598 897 praecepit
618 849 723 886 nohis
744 849 915 891 Christus,

318 910 359 941 ut
379 905 523 941 edamus
544 905 645 942 suum
666 918 800 954 corpus

319 967 355 998 et
374 961 538 998 bihamus
558 962 778 1010 sanguinem.

317 1014 589 1058 Sacramentum
609 1019 679 1056 hoc
700 1020 736 1055 in
758 1032 859 1057 coena

319 1074 434 1111 turbae
457 1075 610 1111 fratrum
631 1076 806 1113 duodenae

317 1132 439 1168 datum
459 1142 533 1168 non
554 1132 762 1181 ambigitur.

319 1206 374 1250 Sit
394 1210 473 1247 laus
494 1210 618 1259 plena,
640 1213 689 1248 sit‘
704 1213 845 1254 sonora,

313 1267 357 1303 sit
378 1267 550 1308 iucunda,
572 1269 617 1304 sit
637 1269 768 1306 decora

315 1324 445 1360 mentis
466 1323 650 1361 iubilatio:

315 1378 380 1419 llla
402 1381 494 1416 enim
519 1382 721 1419 testamenti

312 1437 469 1474 solennis
490 1437 668 1475 institutio

314 1493 356 1530 ad
377 1505 444 1530 nos
467 1506 590 1531 omnes
612 1496 782 1543 pertinet.

316 1570 356 1614 1n
377 1573 443 1611 hac
462 1575 582 1610 mensa
601 1576 684 1612 novi
706 1576 803 1624 regis

312 1641 444 1667 novum
465 1632 595 1679 pascha
615 1644 717 1669 novae
738 1633 831 1681 legis

311 1687 418 1735 phase
440 1694 542 1725 vetus
566 1691 749 1726 terminat:

311 1740 535 1783 Vetustatem
555 1747 709 1786 novitas,

313 1800 475 1837 umbram
496 1802 599 1850 sugat
618 1803 763 1844 veritas,

311 1863 456 1894 noctem
476 1858 537 1895 lux
559 1859 728 1896 eliminat.

315 1932 415 1982 Quod
437 1937 473 1973 in
494 1950 594 1975 coena
614 1939 774 1976 Christus
796 1942 891 1982 feeit,

311 1994 512 2031 faciendum
534 1996 601 2032 hoc
621 1998 798 2045 praecepit

313 2052 349 2087 in
369 2051 420 2086 sui
442 2053 662 2093 memoriam,

311 2104 414 2146 Docti
435 2108 542 2145 sacris
563 2109 735 2146 institutis

313 2227 538 2270 acceptamus
560 2223 697 2261 animae.

313 2298 449 2348 Bogrna
471 2301 578 2338 datur
597 2302 816 2352 Christianis,

313 2357 409 2406 quod
430 2358 475 2394 sit
494 2358 623 2395 Christi
644 2372 777 2409 corpus
799 2363 902 2410 panis

312 2419 348 2450 et
369 2415 511 2462 sanguis
533 2415 569 2451 in
590 2416 719 2453 calice:

313 2467 413 2517 Quod
435 2482 506 2508 non
528 2474 646 2520 capis,
669 2475 765 2521 quod
786 2486 858 2512 non
879 2476 986 2517 vides,

312 2527 468 2565 animosa
489 2528 606 2566 firmat
627 2530 713 2566 fides

314 2590 446 2634 praeter
467 2597 590 2622 verum
613 2587 786 2623 ordinem.

315 2660 389 2703 Sub
409 2664 556 2701 diversis
579 2666 764 2714 speciebus

312 2721 422 2768 signis
445 2727 581 2758 tantum
604 2729 639 2758 et
660 2735 731 2760 non
755 2724 863 2761 rebus
1068 2737 1071 2766 ;

312 2778 425 2814 latent
445 2789 503 2814 res
525 2779 677 2817 eximiae:
1068 2800 1070 2817 ι

313 2832 453 2882 Corpus
475 2835 596 2876 cilius,
619 2838 760 2883 sanguis
782 2844 902 2886 potus,

1297 497 1415 527 manet
1438 497 1555 527 tamen
1577 492 1738 528 Christus
1763 498 1859 528 totus

1295 547 1359 583 sub
1381 553 1534 595 utraque
1556 549 1682 596 specie.

1244 651 1265 683 8
1298 645 1325 688 Α
1348 650 1507 685 sumente
1530 661 1601 686 non
1624 651 1798 689 concisus,

1297 717 1369 742 non
1391 706 1599 742 confractus
1622 718 1686 743 nec
1707 707 1839 743 divisus

1295 764 1436 809 integer
1458 763 1642 811 accipitur.

1296 815 1415 858 Sumit
1436 831 1547 858 unus,
1570 819 1713 854 suumnt
1735 820 1842 859 mille,

1297 881 1469 923 quantum
1492 876 1565 915 isti,
1589 881 1727 911 tantum
1751 876 1819 916 ille,

1295 944 1360 968 nec
1381 932 1545 980 sumptus
1567 932 1756 968 minuitur.

1241 1037 1262 1069 9
1297 1030 1451 1073 Sunlunt
1472 1033 1576 1074 honi,
1599 1034 1741 1070 sumunt
1763 1036 1857 1075 mali,

1292 1092 1389 1127 sorte
1413 1097 1529 1127 tamen
1551 1091 1719 1139 inaequali

1294 1149 1374 1185 vitae
1396 1148 1450 1183 vel
1475 1149 1664 1183 interitus:

1292 1201 1395 1244 Mors
1417 1205 1468 1240 est
1489 1204 1612 1244 malis,
1635 1206 1704 1241 vita
1726 1206 1844 1247 lionis,

1293 1261 1370 1298 vide
1392 1262 1489 1310 paris
1509 1262 1735 1309 sumptionis,

1294 1330 1399 1367 quam
1421 1318 1465 1354 sit
1486 1318 1603 1366 dispar
1625 1320 1752 1355 exitus.

1242 1412 1284 1445 10
1297 1407 1425 1449 Fracto
1448 1408 1589 1444 demum
1611 1409 1830 1447 sacramento

1291 1478 1335 1502 ne
1357 1464 1519 1505 vacilles,
1542 1466 1600 1501 sed
1623 1473 1814 1509 memento,

1293 1529 1431 1559 tautum
1453 1522 1523 1558 esse
1545 1523 1606 1558 suh
1630 1523 1833 1571 fragmento

1291 1585 1464 1628 quantum
1488 1584 1563 1615 toto
1589 1581 1734 1626 tegitur.

1290 1634 1394 1677 Nulla
1414 1637 1466 1671 rei
1487 1636 1531 1671 sit
1551 1636 1708 1677 scissura,

1291 1692 1381 1740 signi
1405 1698 1521 1728 tamen
1542 1692 1582 1728 fit
1603 1693 1771 1734 fractura,

1294 1762 1364 1797 qua
1386 1761 1450 1785 nec
1473 1750 1602 1789 status,
1627 1761 1691 1786 nec
1714 1752 1846 1788 statura

1292 1806 1424 1854 signati
1445 1806 1630 1842 minuitur.

1244 1901 1280 1932 ll
1298 1894 1386 1937 Ecce
1409 1896 1511 1933 cibus
1531 1897 1706 1937 salutaris,

1293 1966 1399 2004 quem
1422 1953 1566 1989 donavit
1588 1954 1747 1992 Christus
1769 1958 1840 1992 suis

1291 2010 1461 2060 apostolis
1484 2016 1518 2046 et
1540 2011 1706 2047 omnibus

1291 2070 1404 2116 ipsum
1427 2068 1684 2108 metuentibus,

1289 2122 1333 2169 Ut
1354 2125 1421 2160 sint
1443 2124 1552 2164 certi,
1576 2125 1671 2172 quod
1693 2127 1727 2160 in
1749 2138 1853 2163 eruce

1290 2194 1356 2231 pro
1380 2182 1534 2229 peccatis
1556 2187 1591 2231 et
1613 2182 1752 2218 delictis

1291 2239 1383 2276 fudit
1405 2238 1504 2274 suum
1526 2238 1742 2285 sanguinem.

1242 2334 1281 2366 12
1297 2327 1396 2369 Bone
1417 2330 1558 2377 pastor,
1581 2330 1683 2377 panis
1707 2342 1797 2370 vere,

1289 2387 1384 2427 lesu,
1407 2385 1520 2423 nostri
1543 2386 1721 2426 miserere,

1292 2450 1329 2480 tu
1350 2455 1417 2479 nos
1438 2444 1558 2491 pasce,
1581 2454 1647 2478 nos
1672 2450 1780 2484 tuere,

1290 2507 1329 2536 tu
1350 2512 1417 2536 nos
1439 2500 1531 2535 bona
1552 2499 1605 2535 sae
1628 2500 1744 2536 videre

1290 2558 1326 2593 in
1348 2563 1444 2593 terra
1466 2556 1668 2591 viventium.

1290 2611 1341 2652 'l'u
1365 2615 1425 2661 qui
1447 2618 1574 2649 cuncta
1596 2613 1664 2650 scis
1687 2620 1720 2650 ct
1744 2615 1848 2655 vales,

1290 2671 1350 2719 qui
1373 2682 1438 2705 nos
1459 2669 1573 2717 pascis
1596 2670 1652 2706 liic
1675 2672 1856 2712 mortales,

1288 2740 1356 2764 nos
1378 2726 1424 2762 ilii
1447 2727 1700 2763 commensales

1290 2783 1492 2821 cohaeredes
1515 2788 1548 2818 et
1571 2783 1707 2820 sodales

1289 2842 1343 2876 sac
1364 2842 1565 2876 sanctorum
1586 2840 1727 2877 civium.

115 2934 137 2965 C
154 2936 242 2967 ffltntt
261 2935 282 2966 K
300 2933 351 2967 3³¹.
384 2937 428 2970 3η
445 2942 505 2968 bem
523 2942 548 2967 2.
571 2938 693 2969 &tollen
711 2944 757 2970 bes
778 2944 817 2971 Η.
839 2941 940 2980 &agee
959 2944 1031 2982 fctytt
1049 2944 1107 2974 cine
1124 2944 1212 2978 Beite.
1248 2943 1318 2980 ’Eat
1339 2941 1416 2973 atro.
1436 2945 1495 2971 230.
