2317 3534
120 147 194 179 Nro.
220 149 375 176 187—188.

231 255 251 289 3
284 247 463 300 Quidquid
483 253 534 288 est
556 252 591 287 in
611 261 666 286 me
687 249 921 288 confractum,

287 310 491 358 dissipatum
513 313 574 344 aut
594 308 813 345 distractum,

286 366 401 402 dulcis
422 366 516 405 Iesu,
540 370 654 401 totum
672 364 763 402 sana,

288 428 326 459 tu
347 423 525 461 restaura,
548 427 586 456 tu
607 418 794 467 complana

289 485 360 515 tam
381 480 441 526 pio
463 477 707 513 medicamine.

286 532 334 575 Te
355 537 390 571 in
412 541 474 570 tua
494 544 599 570 eruce
621 543 757 580 quaero,

285 597 396 641 prout
417 602 530 639 queo,
553 589 661 626 corde
683 599 794 631 mero,

284 659 340 684 me
360 647 498 684 sanabis
519 647 594 686 hie,
616 651 657 682 ut
676 646 792 693 spero,

284 706 368 742 sana
388 715 444 740 me
465 709 501 739 et
521 704 626 740 sanus
648 714 710 738 ero

285 763 321 798 in
344 767 406 798 tuo
428 760 550 797 lavans
571 760 752 806 sanguine.

228 844 250 876 4
282 837 412 887 Plagas
435 846 513 876 tuas
535 838 752 875 rubicundas

285 902 321 934 et
341 897 473 933 fixuras
494 902 565 933 tam
586 894 785 944 profundas

285 953 385 991 cordi
407 964 485 989 meo
508 954 562 990 sac
583 951 737 991 inscribi,

284 1016 325 1047 ut
347 1009 507 1058 configar
528 1015 630 1045 totus
652 1008 715 1044 tibi

286 1073 321 1104 te
341 1067 457 1104 modis
479 1077 600 1103 ainans
622 1064 801 1102 omnibus.

789 138 998 180 Betntyurb
1024 147 1102 172 nun
1128 138 1374 172 Εἷῑαίτυαιιτ.

1267 244 1437 295 Quisquis
1459 248 1528 282 hue
1549 246 1592 282 ad
1615 252 1648 281 te
1670 245 1811 281 accessit

1266 310 1301 340 et
1322 304 1387 339 bos
1410 304 1516 351 pedes
1538 302 1646 339 corde
1668 301 1793 350 pressit

1267 372 1381 407 aeger,
1405 362 1507 395 sanus
1532 360 1612 395 bine
1633 358 1806 397 abscessit,

1266 418 1322 453 hie
1344 416 1568 463 relinquens,
1591 415 1763 463 quidquid
1784 415 1898 462 gessit,

1267 473 1355 508 dans
1378 472 1535 508 osculum
1559 472 1776 507 vulnerilms.

1210 555 1230 586 5
1264 549 1389 590 Coram
1411 562 1516 587 eruce
1538 550 1834 598 procumbentem

1267 610 1406 655 hosque
1429 607 1535 655 pedes
1558 608 1867 654 complectentem,

1266 665 1341 701 Iesu
1362 663 1515 703 Christe,
1539 675 1594 699 me
1616 676 1659 699 ne
1682 664 1836 711 spernas,

1266 721 1323 758 sed
1346 721 1387 756 de
1409 732 1515 756 cruee
1537 721 1656 757 saneta
1677 732 1802 756 cernas

1266 777 1520 825 compassionis
1543 776 1670 823 gratia.

1261 833 1300 875 In
1322 835 1388 870 liae
1408 845 1514 870 cruce
1536 834 1631 870 stans
1654 834 1787 870 directe

1266 892 1344 927 vide
1365 902 1440 930 me,
1464 902 1484 926 ο
1506 890 1553 926 mi
1574 889 1714 929 dilecte,

1267 954 1381 984 totum
1405 958 1459 983 me
1481 947 1523 983 ad
1546 953 1580 983 te
1600 953 1781 987 converte,

1267 1006 1364 1052 ‘esto
1388 1004 1515 1040 sanus'
1539 1004 1595 1040 dic
1616 1010 1751 1052 aperte,

1266 1061 1431 1110 ‘dimitto
1454 1060 1519 1097 tibi
1541 1061 1688 1099 on111ia.'

857 1188 950 1228 187.
973 1188 1055 1232 (II.)
1083 1187 1144 1224 Ad
1161 1198 1298 1235 genua.

283 1267 424 1333 SAlve,
446 1291 538 1329 salve
550 1320 558 1332 ,
581 1302 642 1328 rex
659 1292 877 1338 sanctorum,

282 1351 362 1398 spes
384 1349 499 1386 votiva
520 1353 762 1397 peccatorum,

282 1407 320 1442 ln
343 1408 411 1442 hoc
431 1406 531 1454 ligno
555 1411 723 1453 tanquam
746 1416 830 1440 reus

283 1463 443 1512 pendens
465 1474 571 1498 verus
592 1461 835 1500 homo-deus,

283 1521 424 1556 caducis
444 1524 574 1555 nutans
597 1518 767 1565 genibus!

283 1573 312 1616 0
335 1588 440 1625 quam
461 1586 614 1624 pauper,
637 1587 657 1611 ο
681 1586 787 1622 quam
808 1575 936 1614 nudus,

283 1632 399 1682 qualis
420 1645 457 1669 es
478 1634 514 1668 in
536 1643 642 1668 cruce
663 1631 780 1671 ludus,

283 1690 482 1726 derisorum
503 1689 605 1725 iocus
627 1689 755 1728 sactus,

282 1747 411 1795 sponte
434 1752 571 1786 tamen,
593 1757 666 1781 non
688 1750 846 1785 coactus,

282 1805 416 1840 attritis
437 1802 607 1839 membris
629 1801 807 1838 omnibus.

226 1886 245 1916 2
279 1879 433 1930 Sanguis
457 1888 541 1919 tuus
563 1881 784 1918 abundanter

282 1940 380 1976 susus
403 1939 482 1975 fluit
502 1939 729 1979 incessanter,

285 2002 384 2032 totus
405 1996 502 2032 lotus
525 1997 559 2031 in
582 2006 712 2032 eruore

282 2054 378 2090 stans
401 2053 571 2088 immotus
593 2054 628 2088 in
651 2051 788 2092 dolore,

281 2109 496 2158 praecinctus
517 2109 577 2144 vili
599 2109 765 2156 tegmine.

282 2164 312 2206 θ
333 2167 495 2202 maie-stas
516 2165 665 2206 infinita,

283 2236 303 2259 ο
326 2223 463 2271 egestas
486 2222 653 2262 inaudita,

283 2280 363 2328 quis
384 2291 452 2328 pro
476 2284 575 2316 tanta
594 2279 745 2316 caritate

283 2342 423 2385 quaeret
443 2341 478 2372 te
498 2337 535 2372 in
555 2336 706 2372 veritate

283 2393 369 2429 dans
391 2394 599 2441 sanguinem
619 2404 686 2440 pro
708 2393 905 2440 sanguine?

226 2474 246 2508 3
279 2469 368 2518 Quid
391 2473 465 2508 sum
489 2471 551 2508 tibi
573 2472 789 2512 reversurus,

282 2534 364 2565 actu
386 2529 485 2569 vilis,
506 2529 616 2565 corde
637 2529 775 2565 durus?

284 2585 369 2634 quid
390 2585 580 2634 rependam
604 2587 768 2626 amatori,

284 2643 345 2689 qui
367 2641 477 2690 elegit
498 2654 564 2690 pro
587 2654 641 2677 me
663 2644 766 2681 mori,
785 2674 795 2683 ,

282 2710 327 2735 ne
347 2699 455 2747 dupla
475 2704 592 2745 morte
613 2700 797 2736 morerer?

1264 1286 1375 1329 Amor
1397 1287 1497 1328 tuus,
1522 1299 1620 1324 amor
1641 1288 1759 1327 sortis,

1267 1358 1372 1394 quem
1394 1357 1466 1381 non
1489 1345 1634 1381 vineunt
1655 1345 1733 1380 iura
1754 1345 1893 1383 mortis.

1267 1415 1286 1439 ο
1311 1414 1417 1451 quam
1440 1404 1498 1450 pia
1519 1413 1574 1437 me
1597 1401 1660 1437 sub
1680 1414 1764 1437 eura

1267 1466 1325 1496 tua
1347 1459 1502 1497 sovesin
1525 1458 1699 1506 pressura,

1265 1528 1308 1552 ne
1329 1517 1447 1552 morsu
1470 1515 1598 1551 mertis
1620 1515 1797 1550 vulnerer.

1208 1600 1228 1631 4
1260 1593 1350 1636 Ecce
1373 1601 1435 1630 tuo
1458 1606 1523 1642 pro
1547 1606 1668 1630 amore

1266 1659 1299 1689 te
1321 1651 1544 1699 complector
1565 1662 1645 1687 eum
1667 1651 1810 1691 rubore,

1264 1721 1320 1746 me
1341 1714 1471 1756 coapto
1495 1707 1698 1755 diligenter,

1264 1773 1304 1802 tu
1327 1767 1391 1802 seis
1413 1766 1552 1801 eausam
1574 1764 1766 1804 evidenter,

1262 1823 1322 1859 sed
1343 1822 1450 1858 suffer
1472 1827 1507 1858 et
1528 1820 1717 1857 dissimula.

1262 1877 1337 1919 Hoc
1358 1879 1455 1927 quod
1477 1890 1562 1926 ago,
1585 1890 1655 1914 non
1679 1883 1713 1913 te
1735 1884 1868 1926 gravet,

1262 1937 1321 1973 sed
1342 1948 1397 1972 me
1420 1936 1519 1972 sanet
1540 1940 1576 1971 et
1597 1945 1652 1970 me
1673 1934 1765 1971 lavet

1262 1993 1487 2041 inquinatum
1509 1997 1544 2028 et
1567 1997 1745 2039 aegrotum

1262 2050 1406 2097 sanguis
1431 2049 1543 2085 lluens
1566 2049 1623 2084 liic
1646 2060 1710 2096 per
1733 2055 1858 2087 totum.

1262 2114 1302 2144 ut
1323 2118 1394 2143 non
1417 2106 1568 2154 supersit
1590 2105 1738 2142 macula.

1206 2191 1226 2222 5
1258 2185 1298 2227 ln
1320 2188 1385 2222 hac
1406 2196 1512 2222 eruce
1535 2191 1568 2221 te
1590 2190 1778 2221 cruentum

1261 2250 1298 2280 et
1319 2243 1512 2279 distentum
1535 2248 1570 2277 et
1591 2247 1800 2277 contentum

1262 2307 1301 2337 ut
1323 2300 1522 2347 requiram,
1546 2310 1600 2334 me
1624 2298 1754 2346 inpelle

1263 2363 1298 2393 et
1318 2357 1388 2393 hoe
1410 2356 1508 2404 inple
1530 2366 1648 2390 meum
1670 2354 1760 2390 velle

1205 2414 1211 2420 ⁰
1261 2416 1423 2450 facturus
1437 2442 1444 2452 ,
1468 2412 1564 2460 quod
1586 2412 1758 2447 desidero.

1263 2468 1306 2510 Ut
1328 2477 1363 2506 te
1386 2481 1543 2518 (pueram
1566 2474 1683 2504 mente
1706 2480 1806 2516 pura.

1262 2529 1306 2564 sit
1328 2529 1403 2563 lianc
1425 2538 1501 2562 mea
1524 2526 1635 2574 prima
1658 2537 1742 2560 cura

1262 2597 1327 2621 nec
1349 2586 1397 2619 est
1420 2583 1538 2622 labor,
1562 2594 1624 2617 nee
1646 2583 1833 2627 griwabor,

1262 2642 1320 2677 sed
1343 2640 1491 2677 sanabor
1512 2645 1544 2674 et
1569 2638 1777 2679 mundalwr,

1263 2710 1342 2734 cum
1367 2704 1399 2733 te
1421 2695 1618 2743 conplexus
1641 2696 1755 2731 suero.

828 2824 920 2864 188.
953 2824 1060 2869 (ΙΙΙ.)
1090 2825 1150 2860 Aa
1176 2833 1322 2859 manu&

283 2887 424 2954 SAlve,
446 2914 555 2953 salve,
579 2914 652 2949 Iesu
674 2914 777 2954 bone,
1075 2907 1078 2966 Ι

284 2970 456 3018 fatigatus
478 2971 511 3005 in
534 2981 660 3018 agone,
1075 2969 1077 2985 ¹

284 3027 344 3074 qui
366 3038 428 3075 per
449 3027 585 3074 lignum
607 3038 644 3062 es
666 3027 854 3064 distractus
1073 2987 1077 3090 Ι

284 3088 320 3119 et
341 3083 382 3119 ad
405 3084 540 3131 lignum
561 3096 599 3119 es
622 3089 818 3132 conpactus

283 3141 444 3188 expansis
467 3141 594 3176 sanctis
616 3140 790 3177 manibus.
1072 3098 1076 3185 ι

1263 2909 1391 2951 Manus
1416 2912 1542 2947 sam-tw.
1564 2923 1627 2947 vos
1649 2918 1758 2950 avete.

1264 2970 1364 3005 novis
1388 2969 1476 3003 rosis
1499 2968 1700 3016 :ulinpleta¹.

1263 3028 1327 3062 bos
1349 3025 1391 3060 ad
1414 3036 1530 3060 ramos
1551 3025 1638 3060 dure.
1661 3026 1790 3062 iunctm

1263 3089 1297 3118 et
1318 3081 1452 3118 crudeli
1478 3082 1573 3117 seri-o
1597 3089 1739 3129 puncta·v

1263 3145 1315 3176 tot
1338 3139 1451 3186 guttis
1473 3138 1758 3174 decurrentibus,

1960 136 2036 175 121
