2317 3534
86 144 157 176 ΝΙὈ.
181 149 241 175 497.

139 255 160 288 6
192 249 349 292 Vocibus
371 256 472 290 cuius
494 259 720 302 peramanter
741 264 863 289 omnes

196 316 364 358 pareant,
387 312 561 358 cuiusque
584 310 721 346 alacres
743 316 778 346 et
800 309 897 345 ultro

250 366 336 411 Quae
361 367 423 403 tibi
445 367 507 402 soli
530 367 693 416 placeant
715 366 882 406 iubentis.

195 423 282 459 iussa
303 424 486 460 facessant.

138 517 156 547 7
191 511 238 552 na
261 526 391 562 precor
411 513 546 562 cymbae
568 514 674 549 modo
697 514 888 549 fluctuanti

196 570 277 607 hinc
300 576 336 606 et
358 572 439 606 hinc
461 571 566 606 mites
587 571 787 618 Zephyros,
811 582 946 617 eosque

844 144 978 184 Θεοῖς
1006 144 1238 184 sabricius.

1923 151 1996 190 :291

1232 256 1296 299 Qui
1321 257 1435 291 serant
1457 258 1557 292 casus
1580 257 1768 304 vigilanter
1790 270 1924 297 onmes,

1171 311 1325 352 Christe,
1347 314 1550 361 magistros.

1115 407 1149 432 δ’·
1169 397 1211 439 [ft
1234 414 1297 449 pei·
1321 403 1386 438 hoc
1410 405 1528 439 muudi
1554 417 1647 439 mare
1673 411 1746 440 tutu
1771 412 1914 453 portum

1173 463 1292 502 tangat
1317 466 1497 506 optatum,
1521 462 1740 509 viridemque
1764 463 1884 498 vicu-tx

1228 514 1428 551 l'rwsereus
1452 517 1601 564 paliuuui
1628 518 1713 556 tibi,
1740 521 1954 567 sempiterno

1171 571 1326 617 gaudeat
1348 585 1436 607 aevo.

81 671 100 701 A
122 670 142 702 l.
161 670 226 701 Uda
246 670 325 701 xm.
345 680 373 711 p.
393 675 436 702 26.
473 670 494 701 C
513 674 555 701 40.
591 671 614 701 I)
633 670 656 701 I.
675 675 723 706 4ϋ;
743 671 932 710 Ιῑεὶνετῐῲϊίῖῑ
951 670 1008 700 I‘ro
1028 670 1176 705 eeclesia,
1197 676 1223 700 et
1243 681 1298 711 pro
1318 672 1462 709 iigihuite
1481 674 1624 713 praeside.
1647 678 1723 706 ’ὲῖαὲ
1747 682 1783 706 1.ι
1807 677 1887 707 niori.

374 852 487 898 497.
519 850 620 898 Pro
652 850 929 898 instaurata
966 868 1127 915 nuper
1164 850 1393 899 doctrina
1435 853 1702 917 Evangelii

866 944 1078 993 gratiarum
1101 945 1212 982 actio.

605 1021 698 1082 lei
720 1046 844 1083 laudes
867 1048 1084 1086 recinamus,
1109 1048 1171 1084 tibi
1194 1055 1328 1096 grates,

604 1105 814 1139 meritorum
837 1116 1012 1139 memores
1025 1133 1031 1144 ‚

1054 1106 1188 1141 Christe
1201 1134 1208 1145 ,
1232 1112 1386 1145 tuorum,

605 1161 824 1209 quiamoctis
849 1161 1014 1196 tenebras
1037 1161 1107 1198 sole
1129 1164 1278 1199 corusco
1302 1162 1478 1211 pepulisti.

79 1254 98 1284 2
132 1247 229 1299 FEra
252 1261 436 1298 Germania
459 1262 558 1298 duris
579 1264 679 1311 prius
701 1263 808 1298 armis

134 1318 212 1354 aliis
234 1332 252 1354 a
273 1319 418 1367 populis
439 1320 554 1356 nescia
575 1320 677 1357 vinci,

135 1376 191 1411 sua
215 1375 282 1411 iam
303 1376 394 1412 colla
426 1377 510 1423 iugo
541 1377 716 1424 praebuit,
748 1381 856 1423 atque
886 1375 1018 1410 obtulit

708 1432 821 1469 ultro.

133 1507 206 1548 Tua
228 1522 307 1546 cum
330 1511 388 1547 lux
410 1512 599 1548 venerandi
621 1513 719 1548 sacra
741 1511 835 1547 verbi

133 1567 326 1608 micuisset,
349 1574 492 1604 tenuem
516 1569 584 1604 visa
606 1579 670 1616 per
692 1568 865 1607 umbram,
1036 1611 1037 1614 Ἰ

132 1623 174 1659 ab
189 1624 336 1672 iniquis,
353 1625 534 1661 diuturnis
550 1625 641 1661 male
652 1626 833 1673 suppressa
847 1623 1015 1659 tenebris.
1036 1635 1037 1649 ¹

130 1698 215 1748 Quis
237 1704 278 1739 ad
300 1716 411 1740 unum
433 1704 612 1741 referebat
634 1704 726 1740 hona
748 1704 946 1740 Christum?

133 1761 214 1807 quis
236 1760 278 1796 ab
300 1772 372 1797 uno
394 1761 577 1809 rogitabat
597 1761 690 1797 bona
712 1761 851 1796 Christo
863 1764 876 1795 ’ἵ

132 1816 194 1851 sibi
217 1816 356 1865 fingens
377 1820 563 1866 propriflm
581 1819 731 1866 quisqi1e
747 1818 862 1857 deum,
886 1817 920 1852 in
939 1823 1016 1852 rota

656 1874 815 1911 vocabat.

129 1948 236 1991 Sacra
258 1953 413 1994 venalia,
435 1954 562 1991 caelum
584 1966 654 1990 tere
676 1953 832 2002 patebat,

132 2010 404 2058 meretricisque
425 2011 535 2048 cubili
555 2011 648 2059 Papa
670 2012 833 2058 surgens,

134 2066 370 2103 sacrosanctas
383 2066 493 2104 veluti
509 2069 566 2104 sus
583 2067 760 2103 lutulenta
779 2067 851 2103 ibat
867 2067 909 2102 ad
927 2078 1015 2102 aras.

129 2140 206 2182 Tibi
228 2144 350 2182 laudes
372 2147 590 2186 recinamus,
616 2146 677 2182 tibi
701 2152 834 2194 grates,

131 2201 342 2239 meritorum
364 2214 560 2243 memores,
583 2203 737 2243 Christe,
763 2210 917 2241 tuorum,

132 2258 214 2306 quia
234 2260 339 2304 caecis
369 2260 510 2297 radians
540 2260 689 2296 reddere
719 2260 839 2296 lumen
861 2258 1015 2296 voluisti.

130 2332 331 2386 IIOminum
354 2350 480 2387 srivola
501 2350 662 2387 doctrina
685 2350 837 2399 vigebat,

131 2407 313 2454 gravidum
335 2407 479 2444 scemina
501 2413 658 2443 ventrem
681 2408 841 2455 positura

130 2463 266 2511 reperit
288 2464 343 2500 cui
365 2464 499 2500 Iaceret
516 2470 596 2500 vota
611 2464 774 2502 Dianam,
798 2463 892 2511 rapit
908 2463 998 2499 alter
1034 2468 1035 2492 t

1034 2521 1035 2534 1

75 2542 96 2575 8
129 2537 237 2579 Modo
259 2542 363 2579 divus
386 2543 471 2584 tibi,
492 2543 676 2591 Neptune,
701 2542 904 2582 tridentem,

124 2609 248 2646 neque
269 2599 391 2635 Castor
411 2611 528 2648 neque
549 2599 674 2635 Pollux
696 2605 793 2635 mare
815 2600 952 2639 sistunt,

132 2655 250 2702 gravis
286 2662 399 2704 utque
441 2668 503 2692 ore
539 2656 683 2692 domum
716 2656 840 2692 dextra
882 2657 1018 2692 seratur

579 2724 667 2748 nova
689 2713 814 2760 poscit.

77 2790 98 2823 9
129 2785 239 2828 Modo
262 2797 441 2827 mercator
463 2803 567 2840 opem
591 2793 752 2831 numina,
777 2792 890 2828 szevus

132 2858 221 2883 nova
244 2847 365 2887 miles,
389 2848 519 2896 quibus
542 2849 673 2884 hastam
695 2848 753 2883 det
777 2854 810 2884 et
832 2860 938 2888 arma,

134 2914 319 2940 numerum
337 2909 432 2941 terra
450 2916 514 2941 nec
538 2905 655 2945 illum,
679 2915 793 2952 neque
815 2905 940 2941 caelum
959 2918 1016 2941 ca-
1033 2923 1035 2930 π

683 2961 815 3009 plebat.

83 3038 123 3072 lo
135 3033 243 3076 Sator
263 3045 379 3075 autem
402 3043 528 3079 maris,
552 3041 745 3079 astrorum,
768 3046 803 3076 et
825 3040 946 3089 abyssi.

135 3096 231 3142 quasi
253 3107 324 3131 non
349 3097 442 3132 serre
462 3102 592 3144 potens
614 3095 734 3132 auxilii
756 3097 836 3136 vim,

134 3156 210 3186 erat
231 3151 398 3198 iguotus,
430 3159 465 3188 et
486 3155 562 3188 eius
584 3153 663 3188 data
686 3152 762 3188 laus
784 3154 834 3189 est
855 3153 992 3189 alienis.

1064 1266 1093 1297 ΙΙ
1116 1261 1190 1302 Tibi
1214 1264 1336 1300 laudes
1360 1266 1580 1303 recinamus,
1606 1265 1667 1301 tibi
1691 1272 1824 1313 grates,

1114 1323 1323 1357 meritorum
1347 1333 1542 1362 memores,
1565 1323 1718 1361 Christe,
1745 1330 1899 1362 tuorum,

1115 1378 1194 1425 quia
1220 1384 1333 1413 totum
1366 1385 1422 1414 tua
1447 1380 1571 1427 sparsit
1601 1380 1721 1415 radios
1743 1382 1856 1425 gratia
1888 1383 1919 1416 iu
1946 1394 2003 1416 oi·-

1707 1437 1798 1472 beni.

1060 1516 1098 1547 12
1113 1509 1243 1552 SL'bito
1266 1520 1428 1550 culintua
1452 1527 1516 1549 vox
1540 1515 1672 1550 aethere
1695 1516 1737 1551 ab
1759 1516 1844 1556 alto,

1114 1570 1198 1605 levis
1223 1570 1302 1606 Euri
1327 1577 1539 1618 penctrans,
1564 1573 1698 1608 horridi
1722 1579 1754 1607 et
1783 1573 1879 1608 alas'

1111 1627 1312 1674 Aquilonis,
1323 1627 1506 1674 glacialem
1520 1628 1587 1663 suit
1600 1629 1718 1665 audita
1733 1641 1844 1677 prope
1856 1632 1999 1665 ,trs-tou.

1058 1707 1097 1740 13
1112 1702 1249 1754 Rapido
1273 1707 1417 1742 flumine
1439 1720 1610 1747 currens,
1634 1709 1723 1755 rigat
1749 1709 1867 1745 urbes.

1114 1765 1204 1809 rigat
1228 1775 1352 1810 agros,
1377 1764 1515 1811 superis
1538 1771 1679 1811 gratus,
1703 1771 1737 1800 et
1761 1778 1865 1800 omne

1112 1820 1366 1855 memorandus
1396 1827 1499 1868 pater
1528 1821 1646 1862 Albis,
1686 1822 1822 1858 cithara
1853 1829 1885 1857 et
1918 1835 2001 1858 rore

1586 1890 1651 1926 per
1673 1890 1799 1914 aevum.

1036 1937 1038 1970 Γ
1058 1957 1097 1989 14
1112 1952 1173 1994 Pia
1196 1955 1305 1995 salve,
1330 1957 1387 2004 pia
1410 1957 1498 1991 [lore
1513 1965 1527 1996 ,·
1543 1958 1599 2005 pia
1621 1959 1749 2005 persta,

1111 2012 1221 2048 decus
1244 2013 1399 2060 amplum
1422 2014 1559 2060 exiguae
1582 2014 1754 2050 Leucoris
1773 2028 1858 2055 orae,

1114 2074 1173 2105 tua
1202 2071 1322 2116 regnis
1352 2069 1557 2110 benefacta,
1590 2076 1621 2105 et
1662 2077 1721 2106 tua
1753 2072 1842 2107 ezelo
1874 2074 1997 2107 merita

1663 2139 1795 2175 aequas.

1059 2207 1096 2238 15
1111 2201 1204 2243 Nova
1226 2205 1402 2241 Christum
1425 2207 1520 2253 paris
1544 2207 1609 2242 hoc
1635 2212 1796 2255 tempore
1819 2208 1950 2245 Bethle.

1110 2274 1199 2297 nova
1221 2262 1369 2310 Sarepta
1392 2264 1490 2310 pium
1513 2263 1626 2310 pascis
1649 2263 1794 2302 lIeliaiu.

1109 2318 1233 2354 studiis
1244 2319 1375 2366 inclyta
1390 2314 1537 2365 magilis,
1550 2326 1719 2355 renovato
1734 2321 1863 2368 inclyta
1877 2322 1996 2357 verbo.

1034 2423 1035 2426 η
1057 2400 1096 2432 lo·
1112 2394 1187 2435 Tibi
1211 2398 1333 2434 laudes
1356 2399 1576 2438 recinanms,
1601 2398 1662 2433 tibi
1686 2406 1819 2446 grates.

1110 2456 1321 2491 meritorum
1343 2466 1541 2494 memores,
1564 2455 1717 2494 Christe,
1743 2462 1897 2493 tuorum.

1111 2511 1192 2558 quia
1206 2511 1404 2547 multorum
1423 2512 1548 2547 animis
1565 2512 1613 2546 est
1633 2512 1710 2547 tidei
1731 2512 1787 2547 lux
1806 2514 1994 2560 patesarm.

1059 2603 1095 2634 17
1114 2586 1239 2638 TEner
1260 2603 1376 2638 infans
1400 2602 1544 2649 placida}
1567 2601 1649 2636 dum
1672 2602 1780 2638 ubera
1804 2605 1929 2639 matris

1111 2659 1239 2698 trahit,
1263 2670 1368 2694 aures
1390 2659 1451 2693 sibi
1477 2658 1603 2693 sanctis
1627 2660 1789 2694 resonare
1860 2659 1991 2707 {vir-go.

1110 2714 1264 2750 modulis
1287 2716 1410 2753 sentit,
1442 2721 1476 2750 et
1504 2714 1601 2749 audit
1632 2726 1740 2762 puer,
1773 2716 1993 2765 innuptaque

1056 2796 1095 2827 18
1109 2789 1214 2832 Sacra
1237 2795 1359 2841 passim
1382 2794 1490 2829 reeiui
1513 2795 1665 2830 carmina
1691 2801 1826 2830 vatum:

1112 2850 1206 2888 sora,
1231 2851 1316 2889 vici,
1340 2851 1488 2898 plateae,
1513 2849 1663 2898 templa,
1688 2852 1823 2887 theatra

1110 2907 1285 2942 vai-iarum
1308 2907 1440 2942 Ieriuut
1463 2907 1573 2942 sidera
1596 2907 1783 2943 dulcedine
1807 2921 1943 2944 x'oeuiu.

1056 2988 1095 3019 lo
1110 2982 1203 3023 Pede
1226 2987 1386 3033 pressans
1410 2986 1562 3021 tumidas
1585 2987 1737 3021 rusticus
1761 2999 1843 3022 uras

1107 3048 1141 3077 et
1165 3043 1317 3089 opimam
1343 3041 1508 3089 subigens
1532 3054 1672 3078 vomere
1697 3049 1838 3083 terram,

1106 3098 1197 3145 apud
1233 3105 1412 3136 armenta.
1449 3100 1521 3133 sato
1551 3100 1706 3145 virgine,
1744 3103 1864 3148 pastor
1896 3103 1985 3135 cauit

1626 3156 1788 3203 hymnos.

1596 3209 1683 3256 19*
