2317 3534
74 130 83 140 ·
102 123 175 155 Nro.
199 127 354 154 537—539.

211 234 232 265 2
264 228 328 270 Fili
352 232 558 281 redemptor
579 233 725 281 optime,

267 293 328 323 tuo
351 287 446 325 lavas
469 301 560 337 quos
582 284 763 337 sanguine,

267 344 354 381 lram
377 356 568 387 coercens,
590 346 751 394 improba

268 401 366 437 mitis
388 404 529 439 remitte
551 403 709 444 crimina.

98 499 122 530 D
140 499 161 532 Ι.
179 504 229 530 ‘2¹5
245 499 289 535 (B
307 500 364 535 V.).
394 525 401 534 1

853 123 989 164 &euro
1015 123 1246 164 gabririus.
1933 131 2012 170 307

1187 237 1206 269 3
1241 231 1409 274 Sacrator
1430 236 1519 273 alme
1543 238 1698 285 spiritus,

1243 304 1308 327 uos
1330 294 1451 328 erudis
1475 295 1534 342 qui
1557 294 1708 332 caelitus.

1243 348 1322 384 Post
1347 351 1422 386 lucc
1443 351 1573 386 caduca
1597 357 1756 398 tempora

1243 406 1284 441 ad
1308 417 1417 453 regna
1438 407 1507 444 duc
1529 406 1693 444 caelesua.

492 603 604 649 537.
641 603 741 651 Pro
779 602 1095 668 impetranda¹
1133 602 1212 651 dei
1254 605 1618 668 misericordia,

764 694 888 734 Media
911 695 984 733 vita
1007 696 1044 733 in
1067 701 1193 741 morte
1216 699 1355 735 sumus.

297 770 403 833 DUm
426 797 495 834 vita
518 797 622 834 nobis
644 801 778 847 optima

297 853 473 894 decurrit,
496 855 620 891 inclusi
644 856 742 892 necis

296 909 410 946 Certa:
433 917 596 948 tenemur
617 912 777 952 vinculis,

296 969 472 1004 morimur
491 968 618 1005 diebus
640 968 801 1017 singulis.

245 1060 265 1091 2
297 1054 351 1097 Ad
373 1069 478 1106 quem
500 1065 691 1107 patronum
713 1061 902 1098 currimus,

296 1125 444 1162 quemve
465 1115 673 1153 advocatum
695 1117 896 1165 poscimus?

297 1171 348 1207 Tu
370 1171 583 1220 deprecator
604 1184 642 1209 es
663 1173 750 1209 deus

296 1227 473 1277 nobisque
493 1229 628 1278 asylum
649 1230 813 1278 perditis.

95 1327 119 1358 D
138 1328 159 1360 Ι.
177 1332 227 1358 260
243 1326 288 1363 (Β
306 1327 362 1362 V.).

1223 802 1243 835 3
1276 797 1305 840 A
1326 807 1439 837 matre
1461 801 1558 838 labes
1580 804 1764 843 nascimur,

1275 860 1310 894 in
1332 858 1411 894 labe
1433 858 1543 895 multa
1565 860 1735 895 vivimus:

1273 915 1444 963 Propter,
1467 916 1572 955 deus,
1598 922 1648 952 tot
1672 923 1840 965 tantaque

1273 978 1419 1019 peecata
1441 972 1517 1008 iure
1540 974 1711 1009 irasceris.

1221 1064 1243 1095 4
1276 1058 1305 1100 θ
1328 1064 1465 1103 sancte,
1487 1063 1612 1103 sortis,
1634 1065 1769 1112 optime

1274 1120 1453 1160 servator,
1477 1131 1497 1156 o
1520 1120 1676 1157 clemens
1698 1122 1796 1161 deus,

1274 1176 1543 1224 Impoenitentes
1565 1189 1608 1213 ne
1630 1178 1702 1213 cito

1275 1244 1392 1269 amara
1414 1245 1511 1270 mors
1533 1245 1598 1270 nos
1620 1234 1771 1271 auferat.

515 1432 627 1478 538.
658 1430 862 1491 Venite,
893 1439 1203 1480 revertamur
1235 1433 1299 1481 ad
1331 1433 1602 1483 dominum.

296 1520 444 1583 VEnite
457 1575 465 1588 ,
486 1548 610 1584 rursus
631 1549 674 1584 ad
695 1549 799 1585 deum

298 1603 411 1651 gradu
433 1606 544 1641 citato
567 1607 712 1646 currite,

297 1661 333 1696 In
356 1662 458 1698 cuius
479 1662 531 1698 est
551 1661 738 1699 clementia

299 1717 430 1758 tutela,
452 1719 550 1767 spes.
574 1719 786 1768 redemptio.

247 1811 267 1842 2
299 1805 370 1847 ceu
391 1809 569 1858 rugientis
590 1809 710 1847 bestiae

297 1876 365 1901 nos
386 1866 564 1914 dissipavit
584 1866 747 1906 rictibus,

297 1922 367 1958 Sed
388 1922 588 1960 admovebit
608 1923 759 1971 patriam

298 1979 421 2016 nostro
443 1979 560 2016 dolori
583 1979 775 2016 dexteram.

246 2070 266 2103 3
298 2065 440 2107 Notavit
461 2069 520 2106 ille
541 2069 646 2106 livido

299 2137 365 2162 nos
386 2127 562 2163 sauciatos
582 2126 741 2166 verbere,

99 2215 122 2246 D
141 2214 164 2248 l.
183 2219 232 2245 263
250 2213 296 2252 (B
314 2213 370 2249 V).

1275 1551 1367 1587 [dem
1390 1564 1518 1588 cruore
1543 1552 1659 1589 tabida

1276 1608 1348 1655 ipse
1370 1608 1530 1655 alligabit
1553 1609 1707 1645 vulnera.

1223 1701 1243 1731 4
1275 1695 1439 1737 Perserte
1461 1700 1575 1736 adbuc
1596 1712 1705 1736 unum
1727 1701 1830 1740 diem,

1274 1767 1457 1804 unumque
1479 1757 1591 1793 adhuc
1615 1758 1794 1805 quiescite,

1274 1811 1323 1847 En
1346 1812 1434 1853 vita,
1456 1825 1541 1861 pax,
1565 1816 1770 1862 perennitas

1274 1869 1330 1904 die
1352 1869 1520 1906 redibunt
1543 1872 1663 1907 tertio.

1223 1961 1243 1991 5
1277 1955 1375 1998 Tunc
1397 1961 1509 1996 multa
1530 1972 1619 2008 gens
1641 1961 1684 1998 ab
1707 1961 1873 1997 omnibus

1275 2024 1440 2053 accurret
1462 2017 1561 2053 orbis
1584 2019 1756 2057 terminis,

1275 2072 1317 2108 Et
1339 2080 1419 2110 ante
1440 2075 1670 2122 conspectum
1693 2075 1746 2110 dei

1274 2129 1416 2177 hymnis
1437 2130 1576 2167 sonabit
1597 2132 1774 2167 dulcibus.

587 2355 781 2410 Preces
821 2375 1115 2428 puerorum
1155 2354 1225 2408 ad
1265 2356 1515 2412 mensam.

837 2465 1023 2514 Ante.
1064 2466 1304 2515 cibum.

905 2549 998 2589 539.
1027 2547 1207 2587 PrandIO.

211 2619 386 2684 (binium
405 2648 565 2696 spectant
587 2648 680 2685 oculi
702 2648 826 2685 levatis
1056 2636 1059 2686 Ι
1244 2653 1391 2692 Tranat,
1415 2658 1474 2687 aut
1495 2651 1618 2687 transit
1633 2652 1822 2698 perinane.
1840 2663 1904 2688 nec
1918 2653 2013 2700 quod

214 2703 373 2740 vultibus
392 2705 538 2745 caelum,
561 2706 696 2742 veniam
719 2713 920 2754 precantes,
1056 2706 1059 2738 l
1187 2709 1271 2744 vivit
1293 2711 1327 2745 in
1350 2709 1458 2757 agris.

268 2761 378 2809 Inque
401 2767 434 2797 te
456 2762 597 2810 sperant
619 2762 821 2801 domiuum.
845 2770 987 2800 creator

293 2819 300 2825 .
1130 2789 1150 2821 3
1185 2785 1317 2825 Cuncta
1341 2795 1376 2823 tu
1401 2788 1534 2825 servas.
1559 2797 1718 2826 recreas,
1742 2794 1773 2822 et
1799 2788 1924 2836 imples

211 2827 359 2853 maxune
380 2829 511 2854 rerum.

1189 2845 1340 2883 viribus,
1364 2844 1490 2881 verbo.
1514 2843 1760 2879 benedictione

157 2897 177 2929 '2
209 2890 368 2944 Singulis
390 2897 495 2932 vitam
519 2897 665 2937 tribuis,
689 2909 862 2945 procuras
1244 2902 1288 2936 lle
1311 2913 1414 2937 mauu
1436 2900 1539 2935 cuius
1563 2900 1651 2936 bona
1675 2900 1812 2936 liberali

198 2952 362 3000 ¹siugulis
383 2954 533 2989 victum:
557 2965 620 2989 nec
642 2960 723 3000 eget
746 2955 840 3002 quod
863 2956 974 2991 undas
1056 2970 1057 2977 ¹
1187 2959 1302 2992 omnia
1326 2962 1479 2993 manant.

105 3038 127 3069 D
146 3039 183 3070 ll.
201 3044 260 3073 352.

1621 3179 1712 3227 20*
